2602 4710
292 298 415 371 lust:
449 300 656 375 ORATOR.
690 305 781 378 tua
806 307 904 392 VIII,
932 325 966 394 3.
1022 320 1128 394 ΝΜ

126 480 306 597 Ruscio?
338 502 378 562 et
399 512 474 588 pro
495 493 661 579 Vareno,
685 492 847 569 Erucius
862 491 1128 599 Antoniaster.

122 602 173 679 Id
203 604 410 677 tamenin
441 603 791 684 declamationibus
818 609 872 684 est
904 610 1129 699 notabiliuS,

124 715 366 816 laudarique
388 743 451 791 me
475 747 603 818 puero
631 719 797 811 solebat,
835 725 908 797 Da
924 730 1034 821 patri
1054 753 1129 821 pa-

124 858 223 907 nem.
261 834 360 906 etin
382 832 542 922 eodem,
570 838 703 917 Etiam
721 864 849 912 canem
870 833 1009 947 pascis.
1049 844 1128 914 Res
1138 869 1177 926 er

123 947 295 1047 quidem
316 950 527 1048 praecipue
543 953 587 1025 in
609 950 753 1033 scholis
774 978 937 1053 anoeps,
966 952 1033 1027 led
1050 951 1129 1026 fre·

124 1077 301 1160 quanter
321 1060 433 1140 caula
453 1061 570 1153 risus,
597 1093 707 1142 nunc
732 1069 892 1165 utique,
920 1094 1013 1151 cum
1033 1069 1129 1163 lutee

123 1178 375 1264 exercitatio,
410 1179 550 1278 procul
577 1173 777 1257 averit'ate
797 1181 986 1275 sejuncta,
1020 1182 1130 1255 labo·
1241 1163 1251 1183 Χ

127 1306 194 1366 ret
226 1291 457 1369 incredibili
499 1298 718 1372 verborum
752 1295 931 1385 fastidio,
977 1322 1020 1370 ao
1054 1294 1129 1374 fibi

125 1557 225 1614 Guell.
248 1558 302 1615 lteri
319 1574 347 1615 tu
362 1557 446 1631 rufio.
485 1562 573 1615 Goth.
595 1562 705 1617 lausto
722 1562 800 1641 pufio
825 1582 892 1619 cum
909 1560 989 1622 votr.
1012 1577 1040 1616 2.
1076 1559 1132 1615 len

123 1643 180 1697 hen
194 1657 225 1697 tu
241 1639 326 1717 restio
345 1645 444 1716 Camp.
468 1662 497 1700 at
518 1647 604 1701 Taru.
626 1647 677 1699 heu
700 1648 753 1701 len
781 1662 811 1701 tn
831 1644 940 1720 rustico.
977 1644 1052 1705 Jenl.
1077 1647 1130 1699 lieu

124 1725 228 1798 turisio
250 1748 317 1782 cum
335 1727 398 1781 edd.
415 1743 479 1782 aute
494 1727 559 1784 Ald.
584 1729 636 1802 qui
650 1731 805 1786 nobiscum
821 1731 939 1785 latitud
954 1730 1016 1785 eie.
1032 1746 1131 1783 exem-

121 1807 185 1885 pla.
214 1810 241 1864 Α
257 1808 394 1884 Gryphio
410 1810 478 1865 iude
494 1812 542 1864 uln'
557 1831 612 1886 pro
630 1825 660 1865 tu
677 1828 706 1868 et
721 1816 757 1868 fic
773 1815 805 1867 in
821 1814 969 1870 voteribnt
987 1813 1050 1869 edd.
1067 1812 1133 1870 cic.

166 1902 169 1907 '
192 1906 280 1947 et-
294 1894 420 1949 Erucius.
458 1894 557 1949 Turio.
579 1893 656 1949 Flor.
674 1915 697 1946 e.
714 1900 852 1956 eurotias,
882 1898 977 1951 Guell.
994 1918 1018 1951 e.
1034 1917 1132 1950 cornu·

123 1979 200 2041 tiu,
227 1978 328 2053 camp.
347 1976 522 2049 auaritiae.
558 1977 705 2032 Leidenlre
721 1977 834 2050 primus
852 1978 915 2049 post
932 1998 1058 2053 eumque
1085 1997 1130 2031 re·

121 2060 206 2137 liqui
225 2036 429 2143 inseruntffipe
447 2062 572 2124 Vareno,
597 2061 677 2136 quod
696 2060 781 2115 estin
802 2058 885 2113 nullo
900 2061 966 2115 Me.
1160 2054 1165 2067 ’

191 2145 247 2203 Da.
282 2146 382 2200 Turio.
400 2165 415 2199 a
430 2164 473 2220 pr.
491 2166 579 2201 manu
593 2146 638 2201 de.
666 2142 756 2201 Nihil
776 2159 873 2197 tamen
891 2142 980 2198 latere
1003 2159 1088 2218 puto.

194 2243 246 2299 25.
268 2233 371 2307 utique.
394 2229 504 2289 ,Τηνία
519 2229 598 2286 Flor.
617 2228 713 2287 Guell.
730 2228 830 2302 Camp.
851 2229 945 2302 itaque
958 2247 1025 2283 eum
1040 2225 1131 2284 Gotlr.

123 2423 221 2499 Atqui
243 2421 458 2476 illalerrouun
481 2421 608 2498 compel·
651 2420 754 2478 eodem
784 2419 906 2478 homine
937 2419 1131 2497 objurgando.
1245 2484 1248 2489 ,

123 2508 199 2564 latio
223 2507 312 2562 habet
334 2506 364 2559 id
388 2506 498 2582 ipsum,
529 2507 609 2580 quod
651 2509 727 2562 oanis
743 2507 820 2562 enim
843 2507 955 2562 mentio
976 2507 1058 2569 lacta,
1082 2504 1132 2562 etll

64 2632 71 2643 .
123 2593 178 2648 laio
193 2606 296 2646 tractet
310 2589 421 2651 rhetor,
444 2611 479 2645 ex
496 2591 609 2647 vilitate
651 2611 703 2666 per
732 2591 757 2644 le
786 2591 824 2645 est
854 2591 929 2645 infra
959 2591 1133 2665 dignitatem
1243 2590 1245 2595 ’

124 2675 269 2732 sermonis
293 2666 366 2738 ἦθος.
653 2673 803 2735 orationis,
828 2690 923 2728 tamen
944 2673 974 2729 h.
996 2674 1015 2727 l.
1040 2676 1132 2746 majo·

169 2759 287 2815 Eruta‘ue
302 2752 488 2831 Antoniaster.
518 2760 553 2813 In
570 2757 610 2812 el·
651 2775 713 2812 rem
738 2755 881 2811 iuvidiam
909 2757 978 2811 facit
1001 2757 1044 2819 ei,
1079 2755 1133 2831 qui
1201 2826 1205 2833 ⁶

128 2856 195 2900 teto
221 2841 368 2898 vocabulo
397 2845 435 2912 est
456 2841 610 2898 familiaris
651 2856 761 2916 patrem
775 2839 849 2895 alere
865 2840 949 2895 uolit.
971 2841 1047 2895 Nam
1062 2859 1135 2913 eon-¹

130 2926 269 2983 sermonis
297 2927 435 2983 imitatio.
480 2927 615 2984 Testatur,
651 2924 797 2998 jungenda
811 2922 880 2979 haec
897 2923 965 2984 dno,
988 2923 1068 2997 quod
1085 2923 1132 2976 vi·

110 3064 113 3077 ‚
129 3027 227 3067 autem
234 3011 396 3065 Priscianus
408 3011 427 3067 l.
437 3023 465 3078 3.
476 3032 503 3084 p.
516 3011 608 3066 Ptlch.
651 3011 713 3063 lum
739 3006 832 3060 adhue
856 3005 1079 3079 interpretibus,
1103 3020 1132 3060 et

129 3097 205 3163 617.
218 3095 308 3150 verba
330 3093 480 3169 depromta
503 3096 557 3150 elle
574 3113 610 3148 ex
653 3111 708 3167 ego
732 3091 839 3145 censeo.
874 3091 977 3144 Panem
993 3090 1060 3142 dare
1075 3107 1131 3163 pro

127 3181 264 3238 oratione
287 3196 341 3252 pro
365 3180 481 3237 Vareno
506 3178 562 3248 (cl.
581 3179 608 3239 6,
652 3176 744 3237 alere,
772 3173 888 3237 lovere,
919 3172 1074 3248 Irraclpere.
1103 3186 1133 3229 et
1209 3216 1212 3221 >

131 3284 159 3330 ι,
176 3263 341 3337 49.)ἰιιῑετ
358 3263 441 3333 cujus
453 3262 611 3335 fragmenta
652 3261 746 3335 ipsum
770 3257 857 3314 habet
886 3258 1006 3333 speeiem
1032 3257 1132 3332 quoti·

126 3349 297 3407 referuntur
312 3367 340 3419 p.
349 3347 418 3401 Ern.
434 3355 521 3412 roto.
541 3348 610 3401 Tra·
653 3344 734 3399 diani
755 3343 903 3399 sermonis.
934 3342 969 3400 cl.
990 3341 1017 3402 6,
1039 3361 1062 3402 ι,
1082 3340 1132 3408 46.

127 3428 609 3491 ctathuncnolltilocuml'lctor.
696 3440 745 3495 23.
776 3431 961 3504 nuntiatique
983 3452 1025 3471 ·-
1050 3426 1131 3480 labo·

125 3518 199 3577 Ver.
218 3530 267 3583 it,
286 3527 333 3581 25.
651 3525 694 3568 ret
715 3538 758 3556 -
775 3508 903 3583 fastidio.
946 3510 1131 3567 Declamato·

67 3600 70 3605 ’
171 3600 215 3656 Id.
260 3597 290 3653 h.
314 3618 338 3653 e.
367 3613 442 3653 tauta
471 3597 610 3653 sermonis
651 3597 734 3653 ribus
756 3596 837 3651 hisee
866 3595 1013 3652 fastidiosa
1044 3594 1133 3649 etiam

128 3682 273 3742 alemiffio.
306 3682 458 3737 notabilius
477 3697 510 3736 ut
529 3681 610 3756 quod
652 3682 744 3755 magia
766 3699 870 3757 aneepa
888 3681 909 3737 i.
935 3700 959 3736 e.
983 3677 1132 3755 periculo·

126 3770 208 3826 iuter
222 3765 357 3822 sublimia
373 3765 424 3819 illa
450 3765 610 3820 declamari·
654 3765 713 3820 lum
734 3763 870 3839 ampullis
894 3764 950 3820 luit
975 3780 1004 3819 et
1028 3760 1155 3836 lelqui·.

128 3854 210 3910 tibus
246 3848 339 3924 vulgo
368 3852 489 3925 quaesita
516 3851 610 3924 magio
653 3849 805 3924 pedalibus
827 3849 1013 3923 interponere
1035 3843 1133 3921 quoti·

128 3938 217 3993 etiam
240 3935 373 3990 emineat.
654 3934 753 3988 dianae
771 3932 930 3988 locutionis
953 3930 1133 3984 tenuitatem.

173 4035 200 4076 et
223 4023 253 4073 ia
275 4019 378 4072 eodem.
420 4016 515 4072 Credo
538 4017 610 4071 acci·
652 4019 758 4093 Neque
786 4017 864 4072 enim
901 4018 983 4086 jocos
1010 4013 1134 4067 inseret·

130 4103 272 4181 piendum
292 4099 483 4157 masculinum
501 4102 523 4156 i.
538 4101 610 4157 ein
653 4101 806 4159 audebant.
850 4098 887 4156 cf.
911 4099 945 4159 6,
966 4110 1005 4163 3.
1031 4107 1079 4164 ²4·

175 4207 255 4263 Your.
276 4205 328 4260 111.
779 4206 801 4257 P
