2602 4710
182 318 233 413 ιι
338 340 345 347 -
408 309 473 384 Μ
502 310 605 384 ιιι.
640 306 952 405 commum
1020 346 1025 363 ·-

183 507 338 614 oulgo?
358 492 593 609 uniuersos.)
618 512 658 573 et
678 497 819 575 latiore
833 498 1027 597 varioque
1043 512 1186 579 tractu·

183 640 252 711 tu,
287 635 333 696 ut
356 642 493 695 omncs
524 632 698 693 oratores
723 614 965 713 plerumque
987 612 1183 695 lecerunt.

134 812 138 819 .
181 732 379 815 uariffima
410 734 521 808 enim
551 728 660 831 apud
688 752 758 805 cor
790 729 1011 829 reperietur
1037 732 1109 805 illu
1132 754 1227 814 exta

183 832 472 927 consuetudine
495 842 832 948 philosophorum
864 842 982 919 ducta
1011 843 1185 927 servitur

182 963 264 1070 (est
289 965 528 1039 enim'certc
556 958 748 1057 servitus)
784 957 834 1033 ad
862 974 965 1034 ccttu
992 956 1033 1037 le
1059 964 1186 1041 rerba

181 1130 275 1211 ratio,
304 1164 390 1221 quam
412 1144 568 1219 proposuit
591 1140 832 1217 iugeniofiffimur
855 1144 1050 1199 Buttmannur
1075 1144 1185 1213 noller,

183 1248 217 1287 ut
242 1230 361 1305 longior
378 1228 469 1285 luerit
490 1226 560 1284 lucc
585 1227 645 1281 loci
659 1223 846 1283 ciceroniani
866 1226 1073 1302 interpolatio,
1096 1232 1184 1303 cuiun

182 1320 324 1373 lummrm
347 1312 439 1369 modo
476 1328 505 1367 et
533 1328 693 1368 extremam
721 1325 833 1385 purtem
859 1306 997 1368 tiburim
1028 1310 1182 1371 ullereritr

182 1399 291 1473 „Quid
307 1394 412 1453 enim?
435 1400 555 1453 Senatus
571 1415 642 1452 uum
661 1394 780 1451 obviam
797 1395 917 1471 prodire
937 1396 1049 1467 οιὶιιιοιι
1070 1396 1182 1473 putet?

182 1503 290 1550 „nom
312 1481 359 1537 red
380 1460 528 1536 mercede:
553 1479 703 1535 convince.
731 1496 803 1533 num
829 1478 928 1534 securi
943 1462 1079 1535 multoe?
1101 1500 1184 1549 non·

182 1566 256 1633 „led
280 1565 457 1621 conductor.
487 1564 569 1619 doce.
597 1582 668 1618 ιιιιιιι
697 1562 796 1617 locum
822 1560 859 1616 cd
880 1562 1063 1638 spectandum
1087 1562 1185 1622 dare?

183 1667 262 1717 „rut
288 1651 325 1705 ad
347 1648 503 1724 prandium
526 1645 678 1704 invitare?
708 1646 839 1701 minime.
873 1647 921 1703 led
949 1647 1042 1722 vulgo
1070 1648 1184 1725 pallam.

182 1734 283 1809 „quid
302 1732 341 1789 cst
355 1728 474 1806 vulgo?
495 1732 683 1787 universos.n
722 1730 848 1789 Videtur
870 1732 947 1787 euim
962 1732 1086 1827 potuillc
1091 1735 1185 1832 ...Qu

184 1832 348 1895 quanquam
368 1814 436 1872 lullo
452 1812 519 1880 ille,
542 1816 740 1891 rgnolcereiu
755 1811 895 1871 hocloco
915 1808 1080 1889 ejusdcm
1058 1813 1103 1873 rei
1120 1837 1185 1873 uon

183 1922 274 1961 unam
289 1898 505 1964 definitionem,
527 1901 596 1975 quia
612 1901 645 1954 ad
663 1915 769 1956 certam
787 1897 931 1972 aliquam,
955 1919 1027 1974 quae
1048 1902 1186 1977 primum

180 1985 376 2065 proponitur,
397 1984 443 2040 rei
457 1986 610 2040 notionem
632 1983 721 2039 altere
735 1984 846 2058 [emper
863 1984 1017 2056 adjicitur,
1036 1988 1085 2043 etfi
1105 2006 1187 2043 ιιοιι·

182 2071 236 2126 nist
257 2068 332 2125 Ιιιιιιι
354 2068 461 2145 probat
476 2070 589 2125 Cicero.
755 2080 783 2122 et
799 2068 849 2122 lat.
893 2069 941 2125 sic
963 2070 1061 2124 Turic.
1080 2068 1187 2129 Gneli.

69 2182 72 2187 ·
182 2156 282 2229 camp.
306 2172 372 2208 cum
387 2150 463 2207 Alin.
487 2152 575 2207 Goth.
593 2168 621 2206 2.
651 2149 801 2206 Omittunt
817 2164 844 2205 et
858 2153 947 2208 Goth.
964 2150 1041 2211 volt.
1059 2168 1088 2209 ι.
1109 2173 1186 2209 cum

183 2238 247 2293 cdd.
270 2253 334 2291 autc
355 2234 422 2289 Ald.
443 2233 564 2309 Reliqui
579 2232 633 2309 sed
654 2234 674 2287 l.
717 2234 813 2295 Verba
834 2236 903 2311 quial
923 2266 960 2281 -·
982 2238 1056 2295 tenir.
1077 2238 1189 2305 omitti

181 2319 302 2377 volebat
316 2318 425 2393 Regius
440 2314 534 2391 (mox
544 2320 672 2388 licum.)
696 2318 746 2375 cui
760 2320 847 2394 pauci
868 2320 1098 2378 obsecundarunt
1114 2322 1185 2379 edd.

182 2403 323 2465 Gesnerur
341 2400 516 2477 ttuutpoluit
537 2402 600 2477 post
622 2415 652 2456 ut
668 2400 727 2475 fae.
746 2406 802 2459 cic.
823 2406 876 2459 cui
892 2406 1047 2461 antevertit
1063 2404 1119 2480 sed
1139 2406 1188 2463 ln·

183 2489 255 2541 tiore
278 2514 317 2528 -
342 2498 459 2539 tractatu
467 2505 478 2546 ,·
505 2485 594 2561 paulo
614 2486 760 2543 audacius.
808 2490 870 2543 Pro'
895 2502 1014 2544 tractatu
1040 2510 1076 2545 ιιι
1102 2488 1186 2547 forte

182 2569 314 2645 legemus
338 2574 451 2624 tractu?
618 2584 689 2625 certe
705 2570 777 2647 seru.
819 2572 919 2628 Turio.
952 2572 1049 2629 Gucli.
1077 2574 1186 2651 Cemp,

182 2667 256 2710 certe
272 2652 299 2729 s.
321 2672 388 2709 cum
411 2653 476 2710 cdd.
502 2671 565 2712 rute
588 2654 658 2713 Bad.
680 2658 793 2716 Vocem
813 2656 955 2713 omittunt
980 2656 1069 2715 Goth.
1100 2658 1184 2729 (ιιι.

182 2738 289 2811 Gelu.)
312 2738 393 2799 Vols.
410 2754 437 2795 ι.

179 2893 256 2930 mus.
279 2871 337 2943 (cf.
355 2886 385 2940 5,
401 2884 430 2941 5,
451 2884 499 2943 ¹⁵·
513 2873 560 2930 led
571 2890 600 2931 ct
612 2866 657 2931 in·
699 2874 746 2947 jue
777 2872 916 2932 vocabuli
946 2872 1184 2952 lignilicationet,

178 2960 222 3017 fra
242 2972 269 3033 9,
287 2970 315 3027 5,
334 2960 404 3026 ¹78.)
424 3006 430 3015 .
448 2956 585 3015 Οιιιοιοι
600 2959 657 3033 igi·
700 2958 868 3014 ostendatur
896 2958 951 3014 elia
983 2977 1040 3015 tam
1066 2978 1184 3017 remota

180 3059 228 3101 tur
255 3044 360 3117 partim
390 3038 462 3097 tlibi
489 3040 557 3099 aliar
581 3038 657 3115 tiua-
699 3041 735 3097 ab
750 3042 864 3098 iisdem.
892 3046 996 3100 Fateor
1009 3043 1184 3119 lcrupulum

179 3127 245 3181 dem
262 3127 306 3181 rei
326 3125 417 3181 lolent
431 3144 594 3201 proponere
609 3126 657 3181 dc·
699 3144 863 3189 remancre,
888 3128 955 3203 quia
981 3148 1065 3182 unum
1089 3128 1186 3185 modo

182 3208 353 3274 finitiones,
390 3212 494 3284 partim
531 3212 656 3266 oratoria
699 3210 850 3268 Ciceronis
871 3210 969 3267 locum
993 3212 1102 3268 excitat
1124 3212 1186 3287 Qu.

182 3294 267 3367 copie
286 3309 412 3349 utuntur
428 3294 459 3349 in
479 3292 655 3359 deliniendo,
699 3292 731 3349 in
757 3296 893 3351 varietate
920 3294 1058 3352 docenda.
1102 3298 1184 3351 Eum

182 3396 243 3432 nou
272 3376 384 3450 llrigol'a
413 3377 463 3432 illr
490 3376 657 3435 dialectico·
700 3394 795 3435 autem
811 3379 905 3453 ipsum
928 3380 1042 3455 egregie
1063 3379 1185 3456 primu·

181 3480 248 3515 rum
265 3459 426 3533 diligentia.
468 3463 578 3520 Priorir
593 3464 658 3519 usur
701 3462 907 3519 demonstravit
923 3466 1039 3521 Crulluc
1062 3466 1097 3520 iu
1116 3466 1185 3521 l’rc·

182 3542 350 3619 exemplum
378 3547 510 3603 nominat
540 3547 658 3603 Cicero·
701 3546 781 3602 labb.
797 3567 825 3623 p.
844 3563 892 3620 ιιι.
928 3550 1002 3603 Μοιι
1018 3548 1073 3621 Qu.
1092 3548 1125 3604 in
1140 3544 1184 3603 ln'·

182 3650 267 3693 netu,
290 3627 374 3697 cujus
390 3626 471 3683 locus
488 3630 547 3705 iple
569 3632 658 3687 iuter·
701 3632 776 3686 tiore
804 3630 860 3686 illo
894 3648 1014 3687 tractatu
1042 3634 1185 3689 omnium

180 3714 332 3786 jiciturex
350 3712 506 3767 Murenrua
525 3712 570 3787 (c.
587 3720 659 3785 55.)
699 3715 784 3791 plane
805 3730 945 3771 oratorum
975 3717 1187 3773 auctoritatem

182 3797 236 3851 ubi
256 3795 349 3857 illud,
371 3796 498 3869 opinor,
519 3800 660 3873 spectatur
701 3798 836 3876 appellat.

180 3879 264 3954 quod
283 3878 368 3933 valde
389 3897 465 3933 nova
496 3897 525 3935 ct
544 3882 659 3939 inl'olita
741 3880 898 3959 llariffimc.
922 3882 1026 3939 lllrlim
1044 3886 1108 3941 fruc
1122 3886 1187 3945 Ra·

181 3966 221 4019 est
235 3962 330 4019 finitio
346 3962 395 4018 τοῦ
409 3962 504 4037 vulgo.
548 3968 595 4021 Sic
610 3988 657 4042 ap·
698 3966 809 4045 risfime.

7 4118 12 4127 Ι
179 4066 262 4123 paret
288 4048 411 4103 varicus
448 4048 585 4113 finiendi,
626 4054 656 4115 st,
740 4050 779 4125 eje
794 4054 867 4106 enim
889 4082 932 4095 —
946 4050 1077 4127 seruitus.
1122 4054 1186 4113 liic

72 4168 75 4173 -
176 4147 294 4207 praetor
313 4146 398 4189 notre
421 4148 449 4188 et
464 4133 546 4190 tritae
567 4134 657 4193 alicu·
698 4136 819 4211 quidum
833 4134 917 4193 ruldc
937 4134 1091 4193 blanditur
1106 4158 1211 4217 quo·.
