2602 4710
159 321 233 396 116
391 300 449 391 Μ.
476 315 577 390 FAB-
609 306 924 411 antmlent
998 376 1002 385 .

159 512 335 598 mancini,
365 506 471 607 cujus
490 521 593 581 metu
615 503 724 610 leges
740 498 953 601 populares
975 489 1103 611 tuliffe
1124 503 1165 575 t'rt

167 622 383 704 Tribunatu
407 622 584 709 videtur,
614 612 764 732 miffitm
774 610 827 728 se
853 611 903 689 ab
928 619 1167 713 imperatore

114 737 232 855 resno
259 741 410 813 diceret
467 738 632 812 Interim
658 734 863 809 derivatur
890 731 934 804 in
961 752 1068 804 rem:
1105 743 1167 820 ut,

149 851 264 968 fiis,
302 856 369 953 qui
395 845 624 958 testamento
645 848 742 948 quid
759 839 887 959 juffus
911 870 986 920 nort
1002 838 1168 950 fecerit,

74 993 82 1005 ·
161 974 282 1058 dicat,
315 993 389 1067 per
414 966 523 1073 leges
548 967 590 1039 t‘d
604 961 705 1072 fieri
736 988 811 1037 non
839 952 1017 1072 potuiffe.
1077 964 1168 1036 Hoc

161 1090 364 1188 μετάστασιν
390 1081 540 1156 dicunt.
599 1074 773 1155 Exclufis
797 1090 962 1176 quoque
985 1075 1069 1162 his,
1097 1100 1169 1152 ex·

163 1196 310 1311 cosneio
334 1193 516 1297 superest.
562 1196 618 1270 Ea
634 1191 690 1268 est
712 1205 782 1268 aut
804 1191 1071 1291 ignorantiae3
1106 1202 1169 1280 ut,

227 1383 329 1437 diceret
344 1379 485 1435 -derin
524 1377 625 1432 Turio.
650 1374 746 1431 Guelf.
770 1374 869 1448 Cemp.
895 1373 1035 1428 omittunt
1052 1373 1170 1427 Interim

163 1487 231 1524 enm
247 1464 335 1521 Goth.
358 1462 437 1522 voss.
455 1478 482 1518 α.
523 1463 607 1515 Latet
626 1457 703 1515 illud
724 1457 903 1513 vocabulum
917 1457 949 1510 in
969 1456 1031 1531 ipio
1048 1452 1105 1511 illo
1125 1456 1171 1511 δι’·

166 1564 252 1613 ceree,
276 1549 357 1623 quod
372 1546 424 1601 hic
440 1545 509 1601 flare
526 1545 640 1618 nequit.
681 1541 765 1598 Unde
782 1542 861 1597 enirn
877 1540 1082 1614 imperfectum
1102 1538 1170 1599 tub·

165 1635 310 1709 junctivi‚
342 1631 395 1686 nifi
424 1630 519 1685 invita
548 1624 717 1683 latinitate?
759 1626 794 1682 cf.
817 1625 907 1680 modo
930 1624 1106 1688 „Mancinus
1125 1651 1173 1668 -

166 1716 360 1789 „defendat,¹‘
389 1732 461 1769 mox
484 1715 527 1777 „fi
548 1714 574 1767 ie
590 1712 753 1767 —dicat.“
793 1712 913 1786 Repone
941 1708 1037 1789 igitur
1060 1723 1089 1771 et
1116 1704 1172 1763 hic

168 1802 254 1857 dicat.
291 1800 403 1855 interim
424 1799 483 1852 der.
940 1808 943 1814 ·

237 1894 284 1952 ι4.
322 1880 559 1951 μιτᾶστασιν.
608 1879 709 1954 camp.
746 1880 833 1934 Tm.
863 1874 1070 1949 μετάβασιν
1101 1894 1174 1935 cnm

167 1966 257 2026 Goth.
279 1966 344 2024 ild.
368 1964 444 2027 Vall.
474 1966 528 2039 qui
552 1980 647 2021 tamen
665 1972 694 2019 'et
714 1963 845 2018 nostrum
863 1963 919 2021 dn.

233 2048 360 2131 Exclrfit
375 2070 483 2128 qaoque
503 2050 554 2108 his.
593 2048 693 2104 Turio.
711 2068 819 2127 quoque
835 2047 902 2103 ecel.
920 2046 1023 2103 omiffo
1043 2046 1101 2109 trs.
1122 2045 1176 2102 secl

168 2193 240 2251 add·
266 2194 409 2268 Vulpinm
433 2191 470 2246 ed
487 2190 599 2246 Tibull.
619 2200 647 2263 4,
691 2186 767 2264 ger?
790 2192 825 2244 In
841 2190 895 2244 hnc
918 2207 992 2246 tante
1014 2188 1177 2265 reprehen-

169 2279 198 2341 6,
216 2288 243 2343 5.
266 2277 319 2331 ubi
340 2276 421 2330 idem
435 2275 570 2338 verbum,
593 2294 648 2351 pro
692 2274 780 2328 dendi
791 2275 919 2338 motoria,
938 2292 1030 2330 tanren
1045 2292 1107 2330 non
1123 2293 1177 2331 eu·

171 2378 231 2434 qno
253 2359 383 2432 delegare
412 2358 489 2433 apud
513 2359 649 2415 Hirtium
693 2358 748 2413 deo
764 2359 943 2434 proscribere
960 2360 1060 2415 nixam
1076 2357 1177 2414 omni·

169 2445 203 2498 B.
221 2444 255 2498 G.
282 2452 310 2511 3,
335 2457 384 2499 ra.
406 2440 474 2498 loco
498 2445 590 2520 pofito
614 2444 649 2501 eb
693 2461 743 2497 um
761 2441 906 2498 librorum
925 2442 1096 2500 auctoritate
1112 2443 1176 2497 [en-

172 2527 284 2582 eodem.
694 2527 824 2581 rentiam.
866 2527 915 2582 Est
949 2548 980 2581 ea
1014 2527 1072 2601 ipsa
1095 2525 1179 2602 epnrl

215 2612 291 2679 eujus
305 2623 379 2665 meta
393 2640 436 2653 -
451 2611 567 2666 videtur.
591 2611 652 2684 Qui
692 2609 795 2682 Vellej.
815 2626 846 2681 o,
870 2627 897 2667 2.
928 2628 957 2666 et
977 2608 1056 2670 Hor.
1073 2624 1102 2679 ὅ,
1125 2619 1177 2679 ¹4·

172 2693 260 2750 solem
275 2695 484 2769 proprietatem
497 2711 526 2750 et
544 2714 651 2751 conve·
692 2695 791 2750 verbio
814 2695 933 2769 quidem
955 2695 1027 2750 adeo
1049 2694 1178 2751 diarmi-

172 2779 313 2834 nientirm
356 2779 497 2836 orationis
536 2780 650 2854 spectet,
692 2776 782 2840 libna,
808 2795 840 2833 nt
866 2799 954 2836 nemo
970 2779 1039 2834 inde
1060 2780 1178 2834 desum·

171 2861 257 2916 malit
273 2863 335 2916 sane
352 2861 443 2918 rbeffe
460 2862 530 2919 haec
551 2864 649 2925 verba,
693 2877 751 2915 tam
769 2863 803 2918 ab
821 2862 1031 2940 interpolatore
1053 2863 1179 2940 suspice·

173 2966 247 3020 qnae
261 2946 297 3000 ad
317 2964 380 3001 rem
398 2946 517 3021 quidem
534 2966 595 3003 non
611 2948 651 3002 fr·
692 2960 748 3000 tnr.
793 2947 824 3000 si
840 2948 932 3021 igitur
949 2964 1007 3003 tem
1032 2948 1181 3005 vetustam

172 3031 265 3085 ciunt.
306 3032 411 3106 Neque
436 3031 515 3086 eninr
538 3030 587 3087 vel
615 3030 651 3086 ad
693 3029 813 3104 gloffern
837 3033 987 3106 agnoscere
1004 3030 1093 3094 nolie,
1115 3032 1180 3097 for·

174 3115 365 3169 excusandum
388 3114 438 3171 vel
462 3116 498 3170 ad
517 3136 651 3192 premen·
694 3115 884 3169 tnffemecnm
898 3117 1037 3187 conjiciet
1051 3118 1181 3173 criminis

173 3195 245 3252 dum
297 3196 423 3256 [cederit
475 3199 653 3255 Numantini
693 3198 869 3254 intercidiffe
882 3200 1039 3276 posterius.
1059 3200 1179 3257 Eodem

173 3301 256 3337 reum
273 3282 369 3345 velet,
391 3283 472 3358 qnod
492 3284 561 3338 inde
585 3301 651 3337 orto
694 3282 829 3356 exemplo
840 3285 905 3339 usne
921 3284 959 3338 est
973 3285 1006 3338 in
1020 3288 1180 3342 remotione

175 3365 362 3439 optimatium
397 3367 468 3423 odio
504 3367 651 3423 Gracchus
694 3367 814 3420 criminis
850 3369 1010 3423 Martianus
1045 3367 1179 3443 Capella.

174 3448 339 3524 compulsus
374 3451 413 3506 est
441 3450 476 3507 ad
504 3453 652 3509 ferendam
693 3450 799 3506 citente
822 3453 858 3507 ad
880 3451 1001 3507 Florum
1019 3452 1179 3511 freinshe-

173 3530 268 3606 legcm
290 3536 440 3607 agrariam.
483 3537 521 3591 Et
548 3536 652 3609 hujne·
693 3534 767 3590 mio·
1155 3526 1160 3541 ·.

173 3616 257 3671 modi
286 3619 522 3688 conjunctionem
552 3618 652 3694 legum
735 3618 845 3679 diceret.
881 3621 950 3677 vide
966 3636 1028 3676 not.
1044 3621 1113 3676 crit.

173 3699 361 3776 popularium
390 3720 457 3756 cum
486 3705 565 3759 causa
593 3705 653 3779 ipsa
740 3715 788 3773 ¹4·
812 3701 1050 3774 μιτᾶστασιν.
1085 3705 1181 3781 Apud

174 3783 340 3841 foederis-'fi
358 3784 515 3859 fignifieare
532 3788 652 3845 volebat
693 3788 910 3862 Hermogenem
929 3811 959 3864 p.
979 3805 1026 3857 14.

175 3867 246 3939 Qu„
268 3870 395 3925 rideatur
409 3870 566 3946 scriptume
581 3889 649 3935 erat,
734 3871 862 3949 Exclusa
884 3894 990 3948 qaoque
1009 3875 1061 3928 tis.
1104 3872 1182 3932 vide

174 3969 234 4005 non
263 3953 381 4011 viderur.
432 3956 549 4011 Deinde
578 3956 651 4031 quid
691 3973 755 4012 not.
777 3956 841 4012 crit.
1100 4012 1104 4021 ,

174 4034 213 4089 est
240 4037 319 4110 quod
351 4039 490 4100 „videtur
524 4039 651 4112 foederis
735 4039 882 4115 excusatio.
912 4043 1180 4101 litecestHermo·

172 4118 369 4183 „Numantini
386 4131 480 4177 meta“
499 4124 594 4180 rufine
608 4124 649 4181 le·
692 4126 775 4201 genie
798 4127 949 4200 συγγνώμη
964 4147 995 4202 p.
1018 4140 1067 4196 ¹5·
1091 4130 1181 4205 cuiue
