2602 4710
167 334 241 421 ne
329 438 334 445 ι
406 333 465 405 at
489 336 591 409 ran
617 326 929 419 autumatur
958 358 962 381 2

166 522 321 601 institui
357 550 460 601 uxor
491 549 578 601 non
603 539 757 624 poterat
782 523 919 612 heres,
942 519 1006 611 'id
1033 518 1172 605 fuerat

168 657 316 727 actum,
341 657 389 715 ut
406 639 455 714 ad
469 664 554 714 eam
570 639 675 729 bona
690 664 761 740 per
775 636 855 717 hoo
868 640 1034 715 tacitum
1052 636 1168 717 fidei·

169 750 415 829 commistum
451 755 715 855 pervenirent
773 758 824 830 Et
852 770 968 856 caput
995 754 1170 855 quidem

167 871 273 945 tueri
287 867 402 944 facile
416 863 510 958 erat,
535 868 660 946 fihoc
675 867 895 946 diceremus
909 870 1066 971 palam:
1097 868 1169 961 sed

166 983 320 1086 peribat
340 984 546 1061 hereditas.
603 989 659 1061 lu
683 982 777 1085 ergo
806 982 885 1060 fuit
907 984 1024 1062 nobis
1047 1012 1170 1088 agen·

167 1098 284 1186 dum,
322 1114 369 1174 ut
396 1099 548 1192 judices
577 1097 684 1176 illud
707 1100 975 1198 intelligerent
999 1098 1167 1193 factum,

166 1211 360 1290 delatores
370 1238 453 1289 non
463 1209 615 1315 pollent
625 1214 920 1316 apprehendere
931 1228 979 1290 ut
990 1213 1167 1295 dictum

164 1343 205 1402 et
221 1329 387 1428 contigit
406 1344 635 1428 utrumque.
673 1327 794 1433 Quod
808 1354 890 1438 non
905 1327 1175 1423 inseruillen·

163 1444 317 1519 veritus
354 1444 590 1546 opinionem
623 1445 844 1536 jactantiae,
887 1442 962 1519 nili
990 1446 1168 1546 probare

163 1554 390 1646 volumem,
432 1559 477 1632 in
505 1555 596 1633 foro
625 1582 788 1659 quoque
825 1554 899 1634 elle
924 1558 986 1635 his
1015 1555 1167 1659 liguria

113 1672 309 1761 75locum.
367 1672 569 1779 Quaedam
590 1675 728 1762 etiam,
758 1698 859 1773 quae
884 1672 1049 1774 probare
1071 1699 1169 1753 non

160 1785 293 1890 pollis,
322 1784 447 1889 figura
464 1789 601 1889 potius
620 1785 834 1889 spargenda
855 1786 955 1865 lunt
1012 1792 1167 1867 Haeret

162 1902 271 1976 enim
306 1904 598 2003 nonnunquam
639 1904 766 1979 telum
799 1901 904 1979 illud
939 1903 1164 1997 occultum.

225 2084 274 2150 74.
299 2091 420 2151 poterat.
456 2076 557 2132 Turio.
575 2088 704 2151 perteret,
728 2096 744 2129 e
765 2075 817 2131 leo.
839 2094 927 2130 manu
949 2090 1104 2149 oporteret,
1132 2090 1161 2134 et

159 2161 498 2237 ficFlor.ap1·.rnanu.
529 2159 625 2216 Guell.
646 2163 747 2241 potuit.
912 2173 1013 2216 ateana
1057 2162 1158 2221 Turia

160 2245 239 2301 Flor.
261 2247 360 2319 Camp.
379 2243 490 2317 factum
511 2264 579 2297 cum
600 2243 676 2299 Atm.
708 2244 743 2300 cl.
762 2253 789 2310 5,
811 2250 858 2310 ²4,
878 2251 904 2309 4.
1129 2308 1133 2315 Ι

225 2328 307 2383 lona
346 2329 447 2383 Turio.
465 2325 543 2381 flor.
567 2327 715 2384 omittunt.
845 2331 923 2380 tueri.
954 2331 1056 2388 Talric.
1078 2328 1158 2389 flor.

161 2413 238 2487 queri
257 2431 324 2466 cum
339 2412 413 2470 Jenl.
430 2413 517 2465 Tarv.
551 2415 645 2485 quaeri
659 2411 759 2468 Ambr.
781 2430 807 2468 a.
824 2411 922 2487 Gamla.
942 2435 1011 2469 cum
1025 2414 1114 2472 nott
1130 2430 1158 2472 et

161 2494 226 2550 edd.
249 2511 312 2551 ante
338 2493 450 2570 Gryph.
491 2497 545 2549 reri
559 2495 659 2550 Amba·-
677 2513 705 2554 a.
729 2492 825 2553 Guelf.
844 2496 933 2552 Goth.
955 2500 1036 2571 (err.
1053 2497 1156 2574 Geta.)

159 2599 227 2635 cum
243 2580 328 2635 Bcru.
342 2595 380 2649 net
398 2577 462 2632 edd.
485 2594 549 2633 ante
572 2579 645 2637 Obr.
668 2580 721 2656 qui
739 2579 867 2637 nostrum
886 2600 900 2635 e
923 2585 1092 2655 conjectura
1108 2584 1154 2640 ‹le-

159 2663 228 2719 dille
247 2662 381 2725 videtur,
402 2661 546 2738 praeclare
565 2663 627 2718 ille.
668 2667 783 2720 Poterat
800 2664 826 2718 T
849 2667 928 2724 abiae
956 2667 989 2721 iu
1013 2669 1040 2742 Q
1067 2670 1154 2724 intex-

157 2749 293 2807 veniente
316 2746 349 2809 C.
480 2746 533 2823 Jed
552 2748 669 2822 peribat.
713 2749 812 2817 Turio.
827 2750 881 2828 sed
892 2772 943 2827 par
953 2749 1006 2826 sed
1019 2753 1152 2826 periebat.

154 2853 173 2913 'a
196 2834 356 2891 lec.'manu
371 2829 425 2907 sed
447 2853 496 2905 per
511 2830 545 2908 se
568 2832 727 2907 deperiebat
754 2838 840 2893 etlic
861 2835 940 2890 Flor.
963 2837 1065 2915 Camp·
1086 2858 1151 2895 eum

155 2917 241 2975 Bodl.
256 2917 334 2977 Voll.
354 2934 380 2972 2.
400 2915 489 2971 Goth.
507 2932 536 2973 et
552 2915 616 2972 edd.
632 2935 695 2972 anta
716 2914 798 2976 Bafit
829 2919 882 2975 nifi
898 2920 979 2995 quod
995 2920 1029 2975 hi
1052 2941 1151 2980 ouante

157 3003 299 3059 omittunt
312 3003 337 3055 E
351 3017 415 3056 aute
430 3001 513 3056 Bar.
638 3003 752 3070 judices.
796 3005 895 3061 Turio.
912 3003 991 3061 Ποῖ.
1010 3008 1151 3065 omittunt

155 3105 223 3141 cum
244 3085 320 3141 Alm.
488 3085 681 3160 intelligerent.
719 3089 818 3145 Turia.
839 3088 916 3145 Flor.
933 3088 1109 3165 intellegant.

152 3236 155 3241 Ι
217 3174 333 3245 contigit
353 3184 504 3245 utrumque.
543 3170 642 3229 Turio.
663 3170 741 3227 Flor.
765 3173 835 3244 (hic
850 3195 866 3228 a
879 3195 924 3250 pr.
936 3178 1046 3247 manu)
1064 3179 1147 3234 omit·
1167 3192 1171 3207 ¹

154 3271 219 3310 aunt
235 3275 301 3312 cum
316 3252 401 3309 wilm,
527 3252 626 3312 locum.
666 3255 764 3315 Turia.
781 3256 860 3315 flor.
879 3257 1031 3338 (hieapr.
1048 3260 1148 3336 mnu)

152 3340 294 3395 omittunt
316 3358 383 3394 curn
405 3335 481 3393 thu.
1167 3344 1174 3353 '

217 3436 265 3490 75.
297 3422 376 3478 ittae.
426 3424 473 3479 sta
496 3423 595 3480 Turio.
622 3423 701 3504 flor.
724 3423 820 3483 Guelt
842 3427 943 3504 camp.
963 3447 1033 3485 cum
1057 3426 1144 3487 Goth.

151 3505 272 3582 Reliqui
293 3502 373 3579 istud.
567 3525 571 3531 ·

150 3641 224 3712 Qu„
248 3638 355 3692 factum
379 3643 418 3697 ita
438 3644 509 3707 effe,
533 3659 630 3700 narrat
713 3654 761 3714 74.
784 3645 922 3701 delatores
946 3650 1069 3726 proprie
1097 3648 1143 3704 leia

149 3723 259 3797 potina,
283 3742 369 3796 quam
384 3728 629 3784 utdicihoome·
670 3730 730 3785 diei
747 3730 903 3794 videntur,
926 3750 992 3788 curu
1017 3731 1077 3789 filei
1095 3734 1141 3789 tu·

148 3823 258 3866 moret.
274 3808 454 3881 ‹subjicieum
485 3827 513 3868 et
533 3834 626 3870 veram
667 3814 768 3870 beatur
782 3815 866 3878 ratio,
889 3817 920 3870 in
936 3837 1023 3892 quem
1042 3818 1141 3895 deferri

141 3886 252 3964 fuiffe?
295 3891 401 3948 Saltem
432 3896 508 3951 illud
544 3898 625 3973 qnod
667 3902 818 3976 oportebat
845 3900 1046 3960 hereditatem.
1076 3903 1140 3960 virle

146 3973 236 4028 ruodo
258 3977 426 4038 „dicebatur
450 3981 624 4052 subjectum·
664 3985 786 4042 Paulum
802 3986 941 4042 Sententt.
958 3998 987 4056 5,
1007 4002 1056 4059 ιε.
1071 3989 1138 4047 itam

144 4057 236 4114 lormo
259 4080 317 4118 erat
336 4081 454 4143 eorum,
485 4068 538 4139 qui
557 4084 623 4143 per·
665 4070 869 4133 Cadianum,
889 4091 938 4126 aa·

144 4141 239 4203 ditum
256 4146 333 4202 irent
352 4146 516 4205 mulierem.
602 4168 610 4183 ·
