2602 4710
143 224 217 395 1ic
323 398 324 403 Ν
381 299 438 373 Μ.
465 299 566 369 ain.
593 291 904 393 oomnnnnt

140 495 303 590 utrique
324 489 431 577 dato,
458 484 571 586 quod
594 484 713 572 velit,
741 479 905 586 petendi
925 478 1139 582 potestate;

141 607 210 682 hic
225 609 458 689 meritorum,
486 604 677 700 temporis,
701 603 867 697 praemii
886 597 1043 672 collatio
1060 594 1140 672 est:

115 737 212 803 aaut
224 713 358 829 secum
388 710 516 822 ipsae,
545 730 590 791 ut
614 715 789 790 duorum
818 710 1003 799 fortium,
1035 709 1142 788 duo·

141 861 233 910 rum
257 830 619 932 tyrannicidarum,
648 827 819 904 duarum
839 842 1063 927 raptarum:
1094 828 1141 901 in

142 948 289 1048 quibus
312 972 397 1022 non
420 943 546 1049 potest
572 939 645 1017 elle
667 942 745 1017 alia'
775 940 970 1041 quaestio,
1015 959 1205 1040 quamtte

140 1062 353 1162 temporiS,
382 1076 472 1133 utra
488 1062 600 1157 prior
619 1056 684 1131 fit:
715 1072 783 1131 aut
805 1055 1019 1154 qualitatis,
1046 1071 1142 1131 utra

112 1196 133 1260 4
133 1170 281 1280 justior
297 1172 342 1248 fit
357 1178 502 1270 petitio.
538 1167 725 1246 Diversae
741 1186 904 1270 q'uoque
916 1170 1024 1269 leges
1042 1196 1142 1247 cou-

140 1289 298 1387 fligunt,
326 1304 397 1362 aut
416 1286 568 1362 similes.
610 1278 823 1394 Diversae,
849 1284 998 1383 quibus
1018 1286 1142 1361 etiam

141 1402 238 1478 citra
256 1398 457 1475 adversam
473 1403 602 1499 legem
623 1399 839 1474 contradici
861 1396 993 1498 poffit:
1027 1401 1140 1477 utin

139 1518 214 1592 hac
252 1514 534 1603 controverfia,
582 1508 849 1618 Magistratus
884 1509 933 1587 ab
965 1520 1074 1589 arce*
1087 1542 1139 1591 ne

140 1630 330 1717 discedat,
363 1624 582 1737 Vtivfortis
604 1644 760 1727 optato,
794 1655 895 1727 quae
916 1628 1039 1716 colet,
1066 1630 1136 1704 vel

140 1747 213 1817 alia
228 1744 340 1819 nulla
358 1742 533 1818 obstante
551 1742 688 1841 quaeri
706 1740 846 1842 potest,
867 1770 930 1831 aa,
949 1743 1137 1843 quidquid

140 1862 304 1956 optarit,
333 1862 519 1955 accipere
556 1853 721 1931 debeat?
767 1870 806 1929 et
832 1859 875 1931 in
907 1854 1139 1956 magiſtratu

137 1973 264 2048 multa
282 1969 476 2062 dicentur,
502 1972 649 2071 quibus
668 1969 859 2070 scriptum
875 1989 1140 2071 expugnatur,
1180 1988 1187 1999 ’

140 2088 185 2163 Si
204 2087 412 2162 incendium
430 2091 470 2162 in
486 2112 576 2161 arce
582 2082 728 2193 fuerit,
745 2081 788 2194 fi
805 2091 843 2161 in
857 2081 984 2192 hostes
1000 2089 1140 2164 decur-

205 2328 233 2383 5.
264 2316 389 2370 duarum.
426 2314 526 2370 Turio.
556 2313 652 2370 Gnelf.
683 2316 781 2390 camp.
814 2316 902 2371 Goth.
931 2319 1006 2383 (err.
1030 2319 1138 2391 Gelu.)

24 2435 26 2439 «
142 2399 283 2454 omittunt
297 2416 364 2452 cum
377 2396 454 2454 Aha.
469 2397 548 2456 volt.
566 2414 594 2454 Β.
616 2397 691 2457 Vall-
707 2416 736 2455 et
751 2399 813 2455 edd.
831 2417 894 2461 ante
915 2402 984 2456 Bad.
1006 2402 1138 2459 Rectilli·

139 2501 188 2536 me
209 2480 330 2536 inseruit
350 2483 467 2555 Regiae.
604 2495 654 2537 eat
675 2485 748 2560 qual.
792 2485 890 2539 Turio.
913 2484 1009 2540 Guetf.
1032 2488 1135 2563 camp.

141 2586 179 2619 an
196 2584 221 2638 q.
245 2582 312 2617 cam
327 2565 392 2619 cdd.
410 2565 554 2622 anteAld.
573 2587 632 2622 exc.
651 2569 768 2625 Veneta.
891 2565 1000 2641 justior.
1031 2572 1136 2628 Turio.

140 2642 252 2720 istorum
273 2666 340 2703 cnm
356 2648 419 2704 edd.
436 2664 504 2723 ante
519 2650 585 2708 Ald.
609 2649 692 2725 (exc.
711 2653 809 2727 camp.
828 2669 856 2707 et
870 2653 1004 2726 venen).
1034 2654 1133 2711 Guelf.

141 2726 261 2803 istarum.
298 2732 387 2789 Goth.
408 2732 484 2793 Vall.
503 2736 651 2800 nclitum,
681 2736 760 2811 quod
782 2734 853 2791 hinc
872 2736 986 2810 petiiile
1005 2740 1134 2813 Regiam

141 2832 173 2868 ar
194 2814 239 2870 uit
258 2814 327 2869 But.

172 2834 232 2965 gi.
251 2896 365 2975 similes.
388 2900 526 2976 Diversae.
559 2901 659 2958 Turio.
675 2899 783 2977 fimiiia
798 2915 829 2957 at
843 2904 922 2959 dnae.
945 2903 1042 2974 (itm.
1053 2905 1134 2983 fimi·

139 2982 188 3039 ies.
220 2982 350 3057 Diversae
370 2968 503 3041 aeliane.
527 2984 563 3041 ci.
581 2989 607 3057 ᾖ.
628 3003 654 3041 ι.
672 2988 720 3053 5.)
749 2988 830 3042 alec.
852 3008 940 3043 manu
955 2987 1063 3064 fimitis
1084 3004 1137 3047 aat

140 3066 213 3122 duae
235 3083 264 3123 et
283 3070 320 3122 fic
342 3066 437 3123 Gucli.
460 3070 560 3145 camp.
581 3086 648 3122 cum
671 3069 759 3124 Goth.
779 3072 859 3130 Vols.
881 3088 909 3127 a.
932 3088 961 3128 et
981 3074 1046 3127 edd.
1067 3092 1135 3133 ante

139 3149 206 3205 Ald.
236 3152 372 3207 Correxit
388 3153 507 3226 Regius.
648 3154 780 3209 discedat.
810 3156 909 3210 Turio.
932 3156 1082 3213 discordat.

205 3245 320 3304 optato,
350 3256 420 3310 quae
443 3238 528 3292 volet.
558 3237 657 3292 Turio.
675 3237 792 3292 omittit.
826 3240 1136 3301 commentitiae

140 3315 282 3397 ignorati¹
309 3320 353 3373 vei
374 3321 412 3376 ai.
435 3321 492 3376 nai.
516 3318 583 3393 obst.
608 3340 674 3374 cum
695 3318 757 3375 Bal.
781 3339 809 3377 et
832 3323 895 3377 edd.
919 3322 1033 3397 aliquot
1054 3328 1134 3402 apud

139 3401 240 3453 Burm.
268 3400 325 3455 ted
342 3404 439 3479 camp.
456 3420 484 3459 et
499 3404 594 3460 Gnell.
612 3406 704 3459 nostre
718 3404 776 3461 hoa
796 3406 899 3461 ordine
912 3427 938 3480 q.
954 3430 980 3463 a.
997 3428 1023 3464 o.
1052 3413 1135 3469 unde

140 3480 236 3555 aliqua
259 3482 451 3541 intercidondi
466 3491 579 3543 'occafio
601 3504 726 3563 apparet.
871 3494 901 3544 in
923 3489 1044 3565 magistr.
1082 3497 1134 3553 sia

139 3566 239 3621 Turio.
256 3565 352 3621 ouen.
374 3570 473 3646 camp.
493 3573 571 3628 flor,
589 3592 655 3627 cum
669 3574 759 3632 Goth.
778 3575 856 3633 Vols.
875 3591 903 3629 2.
928 3592 956 3630 et
979 3577 1045 3633 edd.
1066 3596 1134 3636 ante

137 3646 205 3703 Atd.
242 3648 381 3723 Reliquae
406 3674 431 3706 a.
456 3676 492 3709 m.
514 3657 631 3727 jubente
656 3658 758 3732 Regio.
789 3659 824 3713 cf.
849 3673 877 3727 7,
902 3668 929 3726 4,
952 3670 1003 3731 42.

201 3728 292 3805 hostes
310 3733 511 3794 decurrendum.
555 3740 655 3798 Turio.
678 3744 713 3811 (a
728 3763 773 3818 pr.
790 3744 901 3812 manu)
920 3741 1018 3816 nostrie
1030 3767 1132 3807 retum

182 3932 210 3983 4.
232 3914 427 3993 Magistratus.
463 3925 550 3981 Recte
569 3926 613 3982 vi·
656 3928 749 4003 qualia
775 3928 892 4003 entique
912 3930 972 3987 luit
990 3934 1134 4009 praetoris

137 3999 223 4056 detur
257 4022 375 4060 monere
406 4008 525 4083 capper.
555 4031 612 4065 ma·
653 4010 832 4088 fignificatio.

135 4078 213 4158 glftr·
238 4085 288 4142 hic
300 4088 430 4166 intelligi
449 4094 611 4171 στριτηγόν,
