2602 4710
479 233 779 343 Lucrum
908 342 911 347 ,
1049 282 1133 349 {vn

121 460 361 539 membrana
377 454 483 535 'boec
502 456 752 556 vetustilffina
767 460 862 535 ium
876 450 1043 538 mirifico
1060 453 1135 545 libi

124 622 204 674 mo·
231 590 473 671 conciliallet
507 594 709 672 luculenta
746 592 799 672 ad
818 588 860 671 Ι6
887 602 1068 676 Prooem.
1093 606 1132 676 δι

125 731 345 834 scriptura,
381 728 637 809 ubiorttittit
664 726 891 809 oblectabar·
911 736 1024 810 nulla
1057 760 1133 811 neo

127 873 250 944 litura
266 867 408 955 relicta
426 888 500 940 nec
518 866 669 954 lacuna,
694 869 809 967 coepi
825 868 1027 968 quidquid
1042 867 1135 971 lup.

127 1005 287 1106 petebat
303 1001 380 1079 otii
405 1001 450 1073 in
473 999 587 1076 brevi
607 998 698 1076 lane
717 1007 1029 1079 commoratione
1044 1008 1135 1079 Mea
1157 1064 1164 1073 .

131 1139 289 1216 diolani
317 1160 340 1211 a
367 1159 437 1209 me
450 1131 586 1226 stacta,
629 1134 865 1237 impendere
894 1138 1136 1216 excutiendo

134 1275 233 1352 huic
247 1268 463 1351 volumini.
507 1276 557 1347 Et
573 1271 784 1347 haerebam
803 1250 890 1373 tum
905 1277 1076 1351 maxime
1090 1276 1138 1351 in

131 1436 245 1487 nono
271 1406 478 1508 scriptoris
512 1407 596 1481 mei
624 1407 750 1496 libro,
795 1413 910 1503 cujus
942 1412 1137 1510 plurimas
1204 1507 1214 1514 ¹·
1247 1456 1249 1461 ·

131 1547 270 1621 animo
291 1534 587 1644 limosumebam
613 1539 880 1633 difficultatem
909 1545 965 1619 ita
985 1540 1139 1621 factrnn

134 1678 205 1769 eft,
223 1695 273 1755 ut
285 1683 371 1768 eius
385 1676 551 1779 quidem
563 1677 768 1753 varietates
780 1703 865 1754 non
879 1678 1140 1780 indiligenter

141 1794 405 1915 exoer‘plerim.
444 1813 579 1890 Habui
598 1814 644 1886 in
662 1811 740 1887 hoc
758 1813 921 1911 negotio
936 1792 1146 1892 faventem*

148 1949 251 2019 milri
263 1946 507 2041 promtiffima
522 1948 727 2021 voluntate
743 1960 782 2019 et
798 1944 930 2046 ipsum
942 1953 1146 2047 Bagatum

140 2096 182 2155 et
199 2075 326 2153 socios
349 2082 435 2170 ejus
466 2076 512 2148 in
539 2070 860 2148 administrandis
882 2082 1026 2176 opibus
1048 2087 1143 2155 Am·

138 2210 338 2291 brofianis.
419 2211 509 2285 Nec
556 2205 775 2283 defuerunt
815 2209 919 2286 mibi
958 2208 1143 2314 promillo

141 2344 346 2426 doctillimi
368 2328 665 2421 bibliothecarii
688 2342 740 2417 de
761 2344 934 2421 curanda
956 2347 1152 2424 codicum·
1174 2314 1176 2318 ι

143 2484 356 2561 collatione
363 2508 373 2570 ;
405 2503 508 2579 quae
530 2477 768 2561 deventum
789 2481 975 2562 nondum
993 2482 1145 2558 habuc·

146 2645 206 2708 re,
232 2642 323 2695 mea
340 2612 558 2691 accusanda
571 2598 627 2687 est
647 2612 883 2714 exposcendi
897 2614 1016 2692 officii
1031 2640 1154 2691 vem·-
1256 2620 1260 2625 '

144 2752 302 2830 cundia.
332 2752 438 2828 Cum
457 2751 566 2841 enim
584 2746 685 2825 datio
706 2747 756 2824 ad
771 2753 968 2852 Bugatum
987 2752 1146 2840 litteris,

144 2884 300 2967 fomite
333 2884 631 2983 tabellariorum
658 2884 775 2985 culpa
798 2885 971 2978 abjectis·
987 2887 1031 2959 in
1057 2886 1148 2958 lon·

146 3025 295 3128 gillimo
310 3022 465 3108 itinere,
480 3016 711 3119 responsum
731 3024 925 3096 continuo
942 3042 1028 3094 non
1044 3013 1146 3109 oller,

146 3160 466 3263 supervenerunt
506 3153 669 3229 interim
707 3153 933 3230 tristillimae
968 3153 1159 3254 publica·-

133 3296 239 3395 'rum
269 3295 596 3399 privatarumque
624 3286 880 3367 fortunarum
915 3287 1153 3379 eversiones‚·
1193 3260 1196 3265 .

148 3432 300 3533 quibus
322 3427 392 3503 cui
410 3448 497 3500 non
929 3480 937 3497 ,
1160 3492 1165 3501 ,

220 3558 356 3656 Excuffi
380 3558 529 3626 northus
553 3563 657 3644 radlia
689 3560 896 3648 revolutaque
919 3551 1042 3654 pensa?
1140 3580 1146 3587 ·

149 3702 314 3785 Deinde
335 3717 537 3803 torporem
559 3702 809 3802 ingeneravit
829 3700 939 3802 quod
964 3692 1151 3775 videbam

148 3846 195 3919 in
220 3838 361 3916 laboro
381 3839 567 3939 protinus
593 3834 847 3939 suscipiendo
871 3835 977 3921 nibil
997 3860 1062 3911 me
1085 3833 1154 3909 od·
1244 3806 1249 3817 ι

150 3982 290 4072 jutum
303 3972 356 4047 iri
373 4000 395 4046 a
413 3973 519 4049 libro
535 3971 621 4062 illo,
652 3999 773 4074 quem
789 3972 958 4075 plurimi
973 3968 1152 4046 facerem.
1232 4016 1235 4027 ·

151 4104 349 4219 Spondeo
372 4122 503 4185 tamen
525 4121 565 4181 et
585 4109 696 4188 hunc
719 4124 760 4186 et
783 4110 953 4186 alterum
978 4105 1156 4185 codicem
1189 4086 1211 4183 ζ
