2602 4710
241 72 244 79 ·
271 38 312 135 h

232 297 356 371 nter.
371 362 376 369 .
390 300 598 375 omnen
630 305 845 403 namur,
868 311 980 383 ιιιο.
1039 330 1121 401 ιιι
1190 408 1226 415 ,-

129 510 316 586 quaeque
331 503 401 563 ant
417 484 556 593 scripti
567 507 609 567 et
625 493 852 586 volunntie,
880 504 949 575 aut
968 499 1123 579 ratioet.

73 684 82 701 ‚
127 603 300 690 nativae,
328 618 398 678 aut
420 605 696 706 ambiguitatis,
724 596 793 685 aut
815 612 951 712 legum
969 628 1154 689 contra·-

125 718 281 793 riarum
312 715 440 816 specie
470 723 707 799 continetur.
774 729 822 801 In
858 729 970 803 omni
1000 754 1170 826 porro„

127 828 241 907 causa
266 824 446 925 judiciali
466 837 645 934 quinque
666 835 739 913 effe
762 857 909 940 partes·
952 864 1124 940 quarum

124 947 291 1023 exordio
311 950 515 1023 conciliari
536 950 775 1044 audientem,
799 960 1020 1031 narratione
1034 981 1125 1032 oau-

123 1058 210 1137 sam
231 1064 426 1163 proponi,
460 1061 753 1171 confirmatione
782 1071 980 1175 roborari,
1013 1065 1124 1179 refu.-

121 1366 129 1379 ,
194 1313 412 1389 ratiocinatione.
448 1313 548 1371 Turio·
565 1313 660 1377 Gueli.
682 1314 756 1387 (nili
769 1317 850 1392 quod
864 1315 914 1385 laic
935 1337 1002 1376 eum
1016 1316 1123 1392 syllaba

130 1396 178 1464 ci)
198 1396 295 1470 camp.
321 1400 491 1452 rationativa
514 1417 581 1459 mnu
604 1398 692 1456 Goth.
715 1392 786 1471 (ltin
808 1401 953 1457 utGueli.
960 1404 974 1473 )
997 1402 1075 1462 Voll.
1094 1419 1122 1459 ι.

127 1480 313 1555 ambiguitate
335 1480 424 1536 Goth.
441 1483 581 1555 probante
604 1484 744 1547 Gelnem,
772 1505 820 1539 mo
838 1504 898 1541 non
915 1486 996 1542 item.

191 1566 293 1638 legum.
338 1564 437 1620 Turic.
474 1565 571 1621 Guelt
601 1566 700 1644 camp.
728 1589 818 1624 rernm
846 1589 913 1625 eum
943 1570 1032 1627 Goth·
1059 1568 1123 1626 Bal.
1223 1596 1225 1601 >

122 1649 208 1709 Voll.
227 1664 256 1704 ιι
280 1663 309 1702 et
330 1646 394 1703 edd.
418 1664 482 1705 ante
502 1648 569 1704 Ald.
606 1650 741 1707 Correxit
761 1640 880 1727 Regina.

193 1753 243 1787 aa.
272 1735 496 1786 narratione-
527 1737 694 1791 memoriam.
751 1737 851 1793 Turio.
886 1737 982 1794 Guell.
1019 1716 1119 1812 Canii).

123 1838 155 1874 ιι.
171 1812 315 1891 propofita
335 1814 497 1887 confirmari
517 1814 684 1889 refutatione
700 1834 751 1875 ant
771 1825 929 1885 memoriam
947 1842 1014 1877 cum
1037 1821 1122 1878 libris

127 1898 267 1957 omnibua
289 1914 354 1954 ante
368 1898 434 1952 Ald.
457 1900 510 1974 qui
531 1902 645 1973 primns
662 1902 812 1957 oblocutus
827 1907 921 1977 Regio
937 1907 1057 1977 inscruit
1074 1926 1123 1961 ne-

121 1982 246 2041 testarii
266 1982 302 2036 ml
325 1982 446 2044 sensum.
478 2003 549 2057 qnae
570 2004 643 2039 rnox
660 1985 784 2046 Badiua,
814 1986 921 2059 lectore
945 2002 1039 2053 tamen
1063 2008 1123 2043 non

122 2067 259 2130 monito,
287 2065 377 2141 paulo
399 2067 483 2122 aliter
506 2067 663 2124 constituit.
706 2071 776 2140 Reg.
799 2069 928 2137 ‚maulam
957 2091 1033 2125 narr.
1053 2090 1122 2145 pro·
1180 2070 1185 2083 '

121 2150 236 2229 ,.Ροιιὶ.
265 2147 487 2207 confirmatione
516 2154 663 2226 propofita
689 2150 873 2215 confirmari,
904 2155 1122 2213 corrfmatione“
1198 2196 1201 2207 .

123 2253 180 2292 oet.
204 2235 303 2290 minna
321 2230 466 2308 eleganter
487 2235 582 2301 lane,¹
598 2236 644 2291 led
671 2236 794 2311 propina
824 2235 917 2292 Codd.
942 2238 1121 2311 scripturam.

123 2322 250 2377 Manum
268 2317 318 2373 hio
332 2317 388 2391 Qu.
403 2320 550 2375 restituere
571 2338 658 2376 nemo
671 2320 725 2376 libi
738 2320 877 2397 iumlerin
914 2322 1010 2395 Magia
1027 2337 1122 2391 tamen

167 2543 344 2598 queqne-
364 2527 525 2583 eonti.netur
556 2526 603 2580 Sic
644 2526 888 2609 [pertimuerint.
904 2547 971 2583 eum
986 2527 1123 2603 Gerloyni

126 2608 245 2683 quidem
279 2607 351 2663 libri
388 2627 488 2663 ornnes
515 2608 603 2679 (narn
644 2612 822 2665 verfionenr
839 2608 1007 2667 conlnlere
1012 2611 1120 2684 jubeo.

124 2690 208 2768 qnotl
235 2690 312 2747 solue
341 2692 419 2749 Voll'.
444 2707 470 2745 a.
502 2696 603 2769 quippe
644 2692 732 2746 Nihil
752 2692 895 2766 equidem
904 2693 992 2751 video
1015 2696 1067 2749 nili
1088 2712 1122 2767 ιιι

124 2791 259 2833 narretur
277 2775 353 2839 dare,
376 2773 454 2829 nihil
469 2776 504 2830 ad
519 2774 603 2849 rem)
639 2794 712 2845 ,eum
741 2776 846 2831 damno
872 2778 935 2831 lene
963 2776 1120 2850 elegantiae

125 2880 181 2915 neo
206 2858 358 2914 haeserunt
378 2862 443 2916 VV.
468 2861 545 2916 DD.·
567 2879 603 2914 ex
644 2879 714 2935 qnae
748 2854 925 2928 (relativum
959 2864 1016 2916 lint
1043 2864 1119 2935 Ῥιιι,

127 2944 234 3021 quibua
259 2959 354 3021 tamen
376 2942 501 2998 libenter
517 2964 603 3016 quae·
645 2942 845 2999 continuatum
861 2942 940 2997 illud·
951 2944 1014 3018 post
1028 2944 1119 2999 morlo

127 3048 199 3093 man,
217 3047 278 3102 quo
292 3028 446 3082 retulerint
460 3031 604 3103 quaeque?
643 3029 768 3101 politum
787 3029 815 3079 in
831 3022 945 3102 quibua,
958 3042 1062 3098 neque
1079 3045 1119 3097 ta·

78 3136 83 3144 ·
124 3112 237 3169 Eodem
261 3113 392 3187 prolecto
417 3128 507 3185 quoi
499 3116 527 3163 in
544 3115 603 3185 qai·
644 3130 711 3165 men
727 3109 828 3165 eodem
850 3106 993 3176 relatum)
1017 3109 1119 3166 [eriba-

125 3196 211 3253 buri.
230 3214 255 3249 e.
274 3196 310 3251 ael
322 3196 437 3261 „verba
454 3211 482 3248 et
497 3195 602 3250 volun·
645 3196 930 3255 tnreteontinentar.
960 3196 1019 3247 lta·
1016 3192 1120 3249 nlieen·

123 3289 265 3345 „tatemfl
300 3281 355 3334 sed
374 3277 525 3350 subjicitur
540 3298 603 3334 con·
644 3294 693 3333 tur
709 3264 844 3371 affines
834 3300 842 3330 ι
820 3280 914 3331 riact
914 3296 980 3331 orrea
994 3294 1119 3351 quatuor

125 3369 237 3427 tinem,
255 3381 438 3439 ntoogamnr
452 3340 601 3436 aginonem
643 3361 764 3416 illarum
793 3360 991 3435 quaestionum
1009 3361 1120 3437 speeie:

124 3446 316 3523 lingularemz
339 3466 391 3503 nee
401 3447 536 3501 sententia
548 3448 603 3507 lert
644 3463 673 3501 et
711 3446 830 3518 quidem
865 3464 944 3507 nruto
976 3445 1119 3509 (licentur,

123 3530 208 3589 illam
230 3530 429 3607 conjungendi
449 3531 601 3586 rationem.
643 3530 833 3605 undet'epeto
848 3529 927 3603 q'nod
942 3530 1119 3585 indicativus
1172 3580 1175 3591 ‚

125 3615 216 3673 ece
206 3630 369 3691 imperatur
387 3631 482 3670 tamen
504 3614 603 3669 caelent
642 3630 791 3688 comparet
825 3616 1016 3676 eontinentur,
1060 3632 1120 3668 non

124 3699 265 3771 edjuncto
284 3699 340 3755 illo
359 3720 418 3773 qne.
461 3700 499 3753 Et
514 3716 603 3773 quare
644 3702 842 3753 contineantur.
898 3698 1003 3771 Neque
1042 3698 1120 3751 enim

117 3782 216 3861 soleat
239 3786 443 3856 conjunctivae
466 3784 517 3846 est,
540 3802 603 3839 con·
643 3785 680 3838 sic
702 3783 848 3856 corrigere
866 3780 967 3839 velim.
999 3782 1030 3835 Si
1045 3781 1120 3835 forte

126 3866 443 3923 tinetnninrlicatirne?
468 3869 527 3941 Qui
542 3886 603 3921 cae·
646 3867 711 3941 qnia
750 3886 872 3944 quaeque
900 3895 940 3909 -
969 3869 1121 3920 continetur

126 3972 195 4007 erun
224 3950 603 4025 incedenterrr,1nmnrque
646 3952 803 4025 conjungat
823 3971 891 4007 cum
917 3954 946 4006 ni
975 3953 1064 4004 action
1040 3969 1109 4000 >nmo

125 4038 185 4093 iter
214 4035 411 4110 explorantem
438 4042 450 4102 (
459 4057 517 4093 uon
548 4038 604 4088 stne
647 4034 749 4090 salvant
764 4037 877 4090 censens
892 4034 1075 4113 scriptitem
1097 4031 1121 4085 ia

127 4120 257 4197 plurime
298 4135 392 4177 tamen
431 4102 636 4191 offensione)
647 4120 679 4175 in
695 4118 808 4176 aliosle
824 4110 1067 4193 laqueoa'imliie't
