2602 4710
37 332 47 347 ,
165 307 216 390 54
283 332 332 344 ..
388 293 447 367 n.
483 294 585 367 mn.
622 288 937 388 QmN'rILtANt
990 320 998 331 ·

117 481 452 571 soContendunt:
497 481 589 582 quie
624 478 779 581 primus
806 475 931 567 dieat,
965 479 1168 557 incertum

125 662 129 671 .
168 598 243 692 est;
280 598 500 701 propoiitio
531 611 663 675 tomen
698 609 812 671 certa.
870 593 932 669 Ab
964 619 1014 671 eo
1044 598 1171 688 enim,

168 722 281 811 cujus
302 713 508 816 personam
532 697 757 799 tuebiiour,
783 708 1062 808 incipiendum
1079 715 1178 789 erit..

167 836 218 907 Et
238 830 335 905 haec
362 827 526 929 quidem
546 824 596 900 de
619 823 841 900 dividendo
867 825 911 899 in
930 825 1169 904 universum

118 971 157 1032 ao
168 945 341 1047 praecipi
365 937 535 1045 poliunt.
593 943 645 1015 At
675 938 882 1040 quomodo
911 941 1170 1025 inveniemus

166 1062 286 1136 etiam
306 1059 397 1135 illas
427 1056 668 1133 occultiores
697 1052 972 1155 quaestiones?
1007 1055 1169 1147 scilicet,

165 1172 376 1275 quomodo
390 1169 619 1259 sententias,
640 1167 970 1270 verbasfiguras,
992 1173 1168 1250 coloreo:

166 1290 352 1391 ingenio,
365 1311 479 1377 cura,
495 1287 785 1361 exercitatione.
822 1288 920 1362 Non
935 1305 1068 1369 tamen
1081 1285 1170 1362 fere
1227 1370 1237 1387 ,

168 1429 368 1503 unquam,
393 1400 470 1478 niii
496 1399 794 1502 imprudentem
818 1398 1016 1501 fugerint,
1043 1392 1173 1505 fi(ut

118 1531 155 1592 ⁴²
169 1517 280 1619 dixi)
299 1535 482 1594 naturam
502 1514 616 1615 sequi
634 1492 779 1591 ducem
801 1517 910 1592 velit
954 1518 1032 1595 Sed
1046 1520 1169 1619 pleri·

166 1658 268 1733 que,
296 1633 547 1733 eloquentiae
565 1628 709 1705 famam
726 1625 968 1723 affectantes,
989 1635 1168 1711 contenti

165 1746 258 1851 lunt
270 1747 369 1825 locis
382 1744 563 1851 speciosis
578 1745 726 1855 modo,
754 1747 823 1823 vel
838 1748 944 1824 nihil
958 1748 1009 1825 ad
1024 1750 1167 1850 proba·

167 1866 319 1939 tionem
337 1858 643 1939 conferentibus.
695 1863 797 1953 Alii,
821 1863 927 1938 nihil
942 1867 1087 1953 vitare,
1109 1888 1167 1950 ea,

167 2000 269 2077 quae
283 1978 329 2053 in
345 1977 484 2055 oculos
495 1978 721 2068 incurrunt,
736 1977 997 2078 exquirendo,
1012 1992 1166 2080 putant.

208 2187 258 2248 39.
291 2173 375 2229 dicat.
418 2173 544 2228 Ponitur
560 2186 589 2226 et
604 2171 702 2227 hicin
717 2172 849 2230 Leidenii
872 2175 1037 2247 conjecture
1057 2173 1112 2242 (ni
1124 2172 1167 2242 f.)

166 2257 274 2312 dicatur
299 2258 427 2328 subjecto
450 2257 530 2329 igno
552 2254 615 2331 Pas.
647 2256 724 2311 unde
740 2258 841 2314 Burm.
864 2259 933 2316 iecit
949 2254 1048 2336 l’affer.
1076 2258 1167 2334 Cepp.

168 2337 300 2415 Pafferot.
344 2339 380 2394 cl.
404 2339 440 2402 6,
463 2352 499 2406 3.
515 2354 566 2407 71.
595 2337 697 2394 Nihili
718 2339 784 2397 hoc.
911 2343 1057 2420 personam
1082 2344 1170 2397 tuebi-

81 2486 84 2493 Ι
167 2445 237 2478 mur.
260 2423 360 2478 Turio.
376 2444 449 2499 apr.
463 2442 552 2478 manu
564 2422 682 2499 persona
698 2425 837 2484 utibimur.
965 2425 1085 2505 poffunt.
1108 2429 1168 2484 Tu·

167 2507 221 2562 rio.
239 2507 368 2575 dubium¹
385 2506 472 2585 poffit
493 2527 530 2561 an
543 2505 656 2586 posfint.

234 2591 365 2658 do.¹At
385 2592 534 2670 quomodo.
584 2592 684 2649 Turio.
722 2593 817 2651 Guell.
855 2598 956 2673 Camp.
985 2595 1168 2673 aliquomodo

169 2694 237 2731 enm
250 2672 340 2730 Goth.
508 2676 647 2750 quomodo
662 2676 783 2753 sentent.
827 2683 926 2759 camp.
949 2681 1087 2758 querenda
1098 2679 1124 2755 s.

227 2756 292 2834 fere
306 2779 435 2834 unquam.
478 2759 577 2816 Turio.
593 2759 621 2834 f.
644 2782 705 2816 eam
727 2783 823 2836 quam,
846 2787 862 2819 a
884 2766 935 2821 lec.
959 2786 1047 2821 manu
1065 2763 1169 2840 fugere

168 2852 307 2918 umquam.
351 2842 447 2898 Guelf.
467 2841 552 2917 fuget
577 2867 603 2900 u.
647 2848 747 2924 camp.
771 2846 887 2924 fugient
911 2873 937 2906 u.

234 2928 435 3004 imprudentem
458 2925 595 3002 fugerint.
645 2930 744 2988 Tiarie.
785 2936 819 2998 (a
849 2935 901 2992 icc.
933 2937 1041 3002 manu)
1072 2931 1170 2991 Gaelt.

168 3014 268 3089 Camp.
292 3011 480 3086 imprudenter
489 3009 602 3086 fugerit
624 3015 697 3084 (aiii
713 3017 794 3092 qtaod
810 3019 970 3093 postremus
989 3019 1125 3093 impud.).

234 3106 283 3164 41.
317 3100 415 3153 vitare.
467 3096 514 3151 stc
540 3097 639 3153 Turio.
669 3100 763 3157 Caeli.
804 3104 903 3179 Camp.
936 3124 1003 3161 cum
1027 3103 1115 3157 Gotln
1141 3118 1171 3159 et
1214 3100 1218 3109 ’

169 3180 234 3235 edd.
252 3196 316 3234 ente
333 3179 398 3237 Alo.
415 3180 468 3257 qni
481 3182 602 3236 vitantes
616 3203 652 3238 cx
666 3186 832 3257 conjectura
845 3191 940 3263 Regii.
1023 3207 1064 3250 ea,
1090 3208 1171 3263 quae.

169 3264 269 3319 Turio.
292 3284 390 3340 oquae,
413 3286 429 3319 a
450 3265 502 3321 ico.
525 3284 614 3323 mana
636 3289 669 3323 oc
687 3289 713 3343 q.
734 3286 802 3324 cum
820 3272 917 3330 Gneli.
941 3271 1031 3330 Goth.
1053 3288 1082 3328 et
1102 3271 1170 3329 edd.

170 3345 314 3403 anteAld.
340 3359 367 3400 et
382 3369 408 3422 q.
431 3351 531 3425 Cemp.
560 3350 699 3407 Nostrum
723 3373 760 3408 ex
774 3357 860 3432 Regii
883 3360 960 3430 conj.

232 3432 411 3506 exquirendo.
454 3434 553 3490 Turio.
575 3438 771 3510 exquirendum
787 3459 854 3495 eum
871 3443 961 3498 Goth.
1002 3440 1057 3496 Ille
1079 3462 1094 3496 a
1116 3441 1170 3497 sec.

147 3535 258 3597 'manu
281 3515 448 3589 exquirenda
478 3535 545 3573 cum
568 3519 665 3577 Gneli.
689 3522 789 3600 einp.
817 3542 847 3584 et
871 3527 936 3585 edd.
960 3524 1170 3602 praeteriens.

169 3600 256 3656 Terv.
273 3599 331 3675 qui
340 3600 478 3660 aelirum.

212 3760 262 3820 4ο.
295 3765 326 3806 ut
341 3750 409 3809 diei.
453 3757 478 3828 ς.
496 3755 545 3814 26.
689 3755 826 3837 diligenti
842 3764 1011 3820 tractatione
1025 3763 1171 3837 indigent.

213 3851 261 3905 ⁴¹·
291 3837 353 3891 Alii
366 3866 408 3881 -
421 3852 532 3913 putant.
575 3842 649 3899 Tati
689 3845 839 3901 structura
855 3845 999 3904 infinitivi
1014 3851 1171 3904 vitarestne

168 3918 204 3977 eb
223 3920 305 3975 omni
326 3920 478 3979 omiilione
499 3926 647 3983 necessarii
683 3924 717 4001 se
753 3930 947 3993 insolentior,
992 3949 1172 4009 quapropter

166 4003 220 4061 fibi
232 4004 385 4067 videntur,
408 4010 525 4082 operose
539 4012 648 4065 riman·
689 4012 774 4069 malie
796 4013 910 4073 iortaffe
925 4019 1019 4075 vitari.
1062 4019 1119 4074 sed
1134 4016 1170 4075 cf.

18 4106 25 4115 ·
166 4088 206 4145 de
231 4107 305 4166 quae
332 4091 399 4146 ium
425 4095 568 4172 exacuta.
594 4114 647 4151 nee
689 4101 714 4170 9.
733 4097 805 4154 one
