2602 4710
247 298 371 369 tuso.
402 300 611 373 onnon
643 301 735 373 Lu.
760 278 989 390 vul-‘auu
1056 324 1137 407 ¹92:

132 503 353 591 occurrent
399 487 475 562 Sed
502 513 605 587 opus
628 486 682 561 est
705 486 834 564 [tudio
860 474 1127 591 piaecedente‚

132 621 175 680 et
188 600 379 702 acquisita
392 600 592 692 facultate,
614 617 653 676 et
668 602 775 702 quali
789 604 965 703 reposita.
1002 609 1128 679 Nam·
1156 606 1163 637 ¹
1237 592 1246 603 ’

89 733 216 820 idoque
248 715 320 791 ista
351 718 585 816 quaerendi,
620 717 843 812 judicandi,
875 720 1128 819 comparandi

133 835 328 920 anxietas,
357 832 456 906 dum
473 832 679 924 discimus,
707 833 930 908 adhibenda
946 833 1019 923 est,
1042 860 1127 909 nou

134 947 235 1025 (lum
261 944 443 1023 dicimus.
504 950 694 1046 Alioqui,
717 947 814 1023 ficut
838 951 909 1047 qui
937 950 1127 1048 patrimo·

134 1064 250 1141 nium
273 1087 358 1136 non
384 1079 591 1161 pararunt,
625 1063 794 1138 subinde
819 1062 1036 1161 quaerunt:
1072 1065 1128 1138 ita

90 1207 97 1220 ·
133 1180 180 1257 in
197 1179 388 1268 oratione,
407 1181 479 1278 qui
496 1204 580 1256 nou
595 1175 682 1255 satis
692 1179 931 1256 laborarunt.
966 1181 1007 1254 Si
1015 1204 1126 1281 prae·
1136 1205 1177 1261 30

201 1422 345 1465 ament.
388 1409 487 1464 Turio.
510 1407 606 1466 Guell.
631 1410 730 1486 Camp·
760 1425 927 1468 occurrerent
954 1430 1021 1466 eum
1048 1409 1126 1471 Alm.

137 1507 167 1551 at
188 1492 252 1549 edd.
271 1509 336 1547 ante
357 1491 423 1547 Ald.
596 1494 661 1549 dum
683 1496 805 1551 dicimus.
846 1495 894 1551 Sic
918 1497 1017 1551 Turio.
1046 1494 1126 1555 Flor.

137 1577 236 1634 Antbr.
263 1599 290 1633 a.
315 1596 384 1633 cuna
405 1575 482 1634 Alm.
505 1579 587 1633 alec.
602 1598 691 1633 manu
712 1580 825 1654 primae
844 1579 953 1635 horum
968 1600 1029 1634 cum
1047 1580 1074 1635 d.
1099 1597 1128 1637 et

138 1659 314 1737 dereliqui.
494 1661 623 1738 subinde.
665 1664 764 1718 Turio.
787 1667 826 1735 (a
844 1683 889 1737 pr.
910 1662 1019 1737 mauu)
1047 1662 1126 1721 Flor.

136 1744 236 1809 Λώτ.
256 1766 283 1801 ι.
306 1742 360 1820 sab
388 1746 462 1801 diam
483 1765 550 1802 eum
568 1746 646 1802 alm.
667 1747 740 1806 Jenl.
764 1751 837 1815 (tac.
862 1745 968 1822 Gesta.)
990 1749 1132 1843 Tarvffl

137 1826 200 1885 rell.
222 1829 287 1885 cdd.
310 1845 374 1886 ante
399 1831 469 1886 Bad.
641 1830 812 1886 laborarunt.
854 1830 954 1885 Turio.
975 1831 1076 1887 Ambr.
1090 1836 1129 1889 ‘aa

137 1912 276 1969 laboravit
289 1931 354 1967 cum
364 1913 440 1970 Alm.
455 1934 471 1967 a
486 1916 538 1969 lec.
553 1933 643 1968 mauu
657 1913 829 1968 laborarunt.
850 1912 938 1969 Goth.
954 1915 1022 1982 (tac.
1031 1915 1130 1985 Gelu.)

137 1995 234 2054 acolt
255 1997 352 2072 camp.
373 1998 505 2055 laborant
525 2017 592 2053 cum
611 1997 690 2058 Vols.
713 2012 743 2054 a.

89 2228 91 2245 ,
176 2198 225 2259 29.
266 2182 333 2239 dum
366 2185 502 2249 dicimus,
538 2185 610 2240 dum
652 2205 688 2240 ne
714 2183 747 2239 in
767 2183 918 2260 prioribut
939 2180 1060 2259 quidem
1080 2199 1131 2240 ox·

139 2267 229 2323 natac
243 2269 367 2342 agimua.
409 2271 515 2345 Neque
530 2270 609 2327 enim
651 2266 874 2343 pleturanimua
890 2267 1043 2325 audientia.
1072 2270 1129 2325 tta·

140 2368 212 2407 uuae
225 2350 374 2428 .loquitur
400 2354 436 2408 de
465 2355 609 2425 ejuamodi
651 2372 687 2408 na
718 2355 800 2429 „qui
832 2353 1042 2429 patrimonium
1068 2371 1134 2409 non

140 2434 286 2500 anxietate,
302 2456 375 2512 quae
390 2434 424 2493 lit
435 2439 610 2514 interipsum
650 2477 670 2501 „
678 2456 816 2512 pararunt
823 2448 841 2473 “
854 2438 929 2494 illud
945 2438 1038 2512 ipsum
1053 2457 1129 2514 „pa-

140 2515 287 2575 udaeam.
331 2519 466 2596 opponit
490 2538 611 2578 aetatem
650 2518 1129 2597 ,‚ttimonium“quaeruut?Opua

140 2599 306 2660 &imnum
336 2604 435 2669 alteri,
464 2625 531 2661 cum
551 2609 610 2680 jam
653 2604 690 2661 est
706 2609 838 2680 oppolito
863 2606 1007 2682 quodam,
1030 2620 1058 2658 et
1072 2605 1129 2657 mi·

140 2688 345 2745 oettoeealacti
365 2691 483 2766 negotia
505 2708 612 2766 gaaunt
651 2707 723 2744 nore
743 2688 814 2750 illo,
843 2689 939 2764 quod,
969 2707 1035 2743 cum
1055 2702 1130 2762 paor.

138 2763 169 2827 i!
184 2768 260 2828 loro.
649 2791 711 2829 non
722 2775 867 2848 pararint,
885 2792 964 2829 nuno
985 2784 1129 2848 quaerant.

143 2853 315 2931 tulliani,
359 2856 433 2935 ficut
468 2888 511 2908 -ι
553 2880 610 2917 cor·
649 2859 804 2912 Etsuenim
826 2858 859 2912 in
878 2870 951 2933 patr.
972 2875 1045 2910 voce
1068 2873 1130 2909 non

136 2934 283 3016 Πίψὶ
319 2943 379 2999 llio
400 2944 449 2999 ctfi
471 2945 609 3003 sententia
649 2942 845 3004 haerendum,
867 2943 945 3014 quali
960 2938 1035 2993 illud
1049 2959 1064 2992 a
1078 2956 1130 3011 pa·

138 3034 283 3099 ”ottoque
303 3028 483 3100 agnoscitur,
504 3028 608 3087 mutila
650 3043 691 3083 tra
712 3020 803 3082 modo
824 3024 918 3099 accipi
940 3020 1030 3096 (vide
1046 3036 1154 3074 notae.

138 3117 229 3162 tntu
264 3126 294 3166 et
329 3109 428 3166 hiulca
470 3114 608 3190 pleraque
650 3112 686 3166 ad
716 3108 800 3167 Decl.
833 3111 934 3168 Banu.
969 3127 997 3182 p.
1026 3108 1129 3162 Bunn.
1221 3166 1226 3179 ἱ

138 3204 220 3248 nomo
252 3194 293 3249 eli
311 3234 315 3247 .
334 3195 408 3270 quin
442 3198 609 3254 admonitae
651 3194 743 3264 456.)
765 3193 884 3255 debeat,
912 3189 1056 3247 claudicat
1087 3204 1128 3245 ta·

137 3270 241 3334 halaa
283 3280 417 3335 Primum
441 3283 519 3338 enim
542 3282 608 3357 quia
650 3298 718 3334 men
740 3279 847 3339 oratio,
874 3279 895 3331 a
917 3273 995 3329 nihil
1020 3275 1051 3329 iu
1077 3294 1127 3347 pa-

138 3359 335 3434 aquatecta
348 3362 607 3441 confragola-adeo
648 3365 785 3441 aimonii,
805 3360 884 3436 qnod
900 3377 960 3415 non
975 3358 1067 3421 adali,
1082 3356 1127 3411 lo-

137 3444 281 3512 ntione,
300 3446 394 3522 qualia
408 3448 461 3505 alt:
484 3452 514 3505 Si
528 3472 608 3527 prae·
649 3466 717 3506 cuna
733 3447 830 3503 lubeat
846 3444 934 3504 aliud.
963 3445 1038 3498 Mox
1050 3460 1127 3515 nego

136 3528 316 3599 nahabi
330 3529 606 3590 nullacommillura
649 3550 681 3588 ac
711 3548 859 3608 pemego,
897 3546 952 3604 pro
984 3529 1040 3601 Qu.
1072 3526 1128 3581 alle

136 3614 364 3672 maedentlbua
377 3616 541 3691 junguntur
561 3619 606 3673 in·
648 3616 853 3676 concinnitate,
868 3612 1070 3687 imperfectum
1086 3609 1128 3664 ita

135 3691 284 3771 loquentia.
305 3699 422 3754 Deinde
437 3702 605 3759 deficitlnb·
649 3701 799 3757 destituere
812 3694 1000 3756 ivandam.
1014 3694 1125 3750 necha-

135 3774 238 3852 iectum
269 3803 373 3840 eorum
397 3806 468 3861 quaa
493 3803 606 3851 „erum
646 3786 697 3842 bet
718 3780 794 3839 illud
824 3785 866 3838 ita
890 3800 950 3857 quo
976 3780 1127 3835 referatur.

132 3868 340 3931 ..inofficiw
382 3868 504 3929 Inlantis
524 3874 561 3928 cll
576 3887 606 3927 et
646 3872 708 3931 Aa,
733 3882 767 3922 ut
783 3869 983 3942 patrimonium
1007 3881 1127 3938 quoque

132 3950 317 4012 balbutientia
344 3958 491 4021 „oarl›a,“
525 3973 605 4013 tanto
648 3965 783 4030 quaerant
797 3952 829 4005 in
845 3952 993 4011 oratione,
1008 3947 1062 4021 qui
1075 3964 1125 4019 pa·

129 4040 282 4100 intmallo
311 4059 373 4097 non
401 4043 605 4119 competentia,
648 4055 714 4091 rum
746 4033 930 4091 laborarint?
961 4030 1060 4115 ¹Restat
1091 4044 1125 4083 ut

128 4126 174 4191 Β
187 4126 388 4191 subaudienda
402 4128 522 4186 lamera.
550 4124 607 4183 Sed
648 4120 777 4198 aliqum
788 4117 851 4176 loci
865 4117 993 4175 unncati
1010 4111 1123 4171 restitu-
