2602 4710
262 250 343 311 vrrs
636 210 875 303 'zolrott

259 420 306 499 in
319 394 585 499 utus'nstlrot
600 408 742 507 sedulo
760 439 827 493 me
846 413 1154 508 conversurum,
1180 442 1256 495 neo

258 555 481 659 quidquam
506 549 650 631 dubito
672 553 773 652 quin
789 566 921 653 parata
935 551 1040 631 mihi
1056 552 1104 629 fit
1117 553 1255 631 future

257 692 524 767 litteratorum
551 683 912 764 Mediolanenfium
937 683 1112 764 officiosa
1134 685 1255 763 indu·

256 822 366 915 stria,
404 846 497 899 cum
521 817 749 922 praesertim
772 846 865 899 meo
892 823 1074 927 exemplo
1103 819 1254 897 didice-

254 962 354 1049 rim,
389 970 537 1057 quantu
563 954 785 1033 doctiffimis
820 956 1054 1034 hominibus
1082 952 1175 1032 eliet
1207 960 1254 1037 in

253 1090 509 1171 eruditorum
526 1089 730 1169 desideriis
750 1089 955 1194 explendis
975 1091 1129 1192 religio.
1159 1093 1255 1169 Met

253 1226 420 1328 quidem
437 1240 617 1327 excerpta
630 1226 685 1302 iu
701 1226 862 1327 signavi,
877 1242 923 1304 ut
935 1231 1125 1321 mojorem
1142 1224 1255 1303 codi-

253 1386 340 1439 oem
362 1361 600 1464 appellarem
620 1361 755 1437 Ambr.
775 1388 831 1451 1.‚
865 1363 1055 1453 alterum,
1082 1361 1252 1462 quadra·

249 1511 353 1587 tum,
374 1495 509 1571 Ambr.
531 1518 567 1571 2.
610 1495 682 1573 illa
695 1498 739 1573 in
755 1496 957 1575 loco'libri
971 1494 1080 1588 sexti,
1105 1497 1156 1574 de
1170 1524 1252 1600 qut

249 1629 348 1722 dixi,
379 1629 527 1708 omillio
548 1655 642 1710 cum
655 1656 820 1732 magone
838 1631 948 1735 apud
963 1658 1029 1711 me
1046 1658 1252 1713 commen·

248 1756 403 1843 dationi
409 1763 533 1843 fuerit
543 1764 673 1844 codici
683 1765 958 1858 Ambrofiam,
975 1768 1074 1847 nolo
1089 1782 1250 1847 tuumn-

248 1896 343 1987 dem
365 1902 540 1978 trihuere
564 1902 633 1977 alii
661 1900 842 1983 cuidem,
876 1927 997 1995 quem
1030 1898 1248 1975 ostendunt

246 2033 332 2112 duo
346 2035 392 2111 hi
407 2040 536 2121 Mes,
556 2028 717 2106 verium
726 2032 923 2105 Graecum
936 2047 977 2118 3,
996 2037 1110 2128 1,1lp.
1133 2054 1247 2131 prae·

244 2182 445 2245 tereuntes
465 2162 544 2241 fine
561 2165 649 2243 ullo
668 2160 847 2241 desectus
864 2161 1042 2264 vestigio.
1087 2166 1246 2244 Habent

105 2290 107 2292 ’
244 2306 353 2380 enim
373 2302 451 2379 hoc
474 2322 690 2378 commune
704 2325 799 2377 cum
817 2298 974 2399 aliquot
989 2298 1111 2401 louge
1124 2302 1246 2381 vilio·

243 2437 357 2513 ribus
383 2435 498 2513 libris
523 2435 568 2511 in
591 2434 679 2512 aliis
698 2434 832 2510 Italiae
864 2432 1116 2513 bibliothecis
1138 2438 1244 2515 mihi

244 2571 395 2648 oblatis.
454 2570 602 2670 Neque
626 2572 734 2645 enim
756 2594 793 2644 v.
813 2595 846 2654 c,
865 2567 974 2645 deest
992 2568 1096 2648 bona
1113 2573 1242 2677 Quin·

242 2705 396 2785 tilianei
421 2705 554 2806 operis
579 2707 693 2807 copia
717 2706 763 2781 in
791 2705 994 2794 Vaticana,
1033 2700 1103 2781 sed
1134 2710 1241 2800 eius·

240 2838 356 2918 modi
371 2855 439 2929 ut,
466 2842 539 2942 qui
557 2842 596 2916 ei
612 2838 765 2921 summa
778 2865 872 2916 cum
890 2839 1109 2917 litterarum
1127 2842 1240 2919 utili-

96 3020 105 3031 ·
241 2992 319 3051 tute
345 2959 511 3076 praeest,
548 2976 829 3052 celeberrimus
857 2990 897 3050 et
917 2972 1094 3075 optimus
1115 2976 1241 3054 Mari·

239 3132 318 3187 nus
337 3134 467 3185 unum
491 3108 615 3188 modo
634 3132 776 3189 eorum
795 3111 905 3188 Mss.
937 3112 1079 3211 Poggii
1103 3109 1236 3187 leculo

238 3241 498 3321 vetustiorem
519 3245 779 3345 pronunciet,
809 3260 960 3323 ceteros
978 3243 1065 3323 iere
1089 3268 1112 3319 e
1135 3248 1237 3346 Pog-

239 3378 358 3480 gisno
380 3375 641 3479 mnscriptos
685 3376 751 3455 Est
765 3350 898 3456 autern
914 3380 985 3455 ille
1006 3378 1173 3456 mutilus
1196 3393 1237 3455 et

236 3536 380 3613 magna
408 3509 471 3589 sui
501 3529 611 3615 parte
637 3512 777 3604 eslius,
802 3516 943 3612 (velut
963 3515 1051 3591 libr.
1076 3530 1113 3602 5.
1136 3528 1232 3589 extr.

236 3646 400 3746 integris
417 3654 453 3724 6.
469 3670 506 3741 7.
527 3662 567 3723 et
587 3649 680 3750 plus
698 3676 819 3751 quum
837 3648 1008 3725 dimidio
1024 3650 1089 3746 a.)
1110 3670 1235 3745 quare

234 3780 354 3863 nolui
365 3783 540 3862 multum
555 3808 672 3863 curse
685 3787 958 3890 temporisque
967 3779 1168 3859 insumere
1183 3782 1235 3861 ad

235 3912 414 4019 menda
433 3931 518 3993 tam·
535 3917 683 3995 incerta
700 3919 824 4011 bona,
857 3916 1000 3997 hioibi
1020 3914 1235 4022 inspicien-

233 4046 297 4146 dis
316 4050 427 4131 hisce
450 4053 564 4135 libris
587 4069 807 4139 contentus
863 4056 958 4135 Plus
981 4050 1079 4134 dedi
1100 4075 1234 4133 excer-
1287 4142 1297 4161 ,
