2602 4710
581 64 590 121 i

217 277 264 353 ιε,
446 270 504 342 Μ.
536 271 638 365 ren.
672 270 1011 381 Qururnuur

213 457 349 540 tamen
367 477 406 534 et
425 460 503 536 hoc
518 458 753 547 mutabitur,
774 455 810 531 fi
832 457 984 533 leviora
1000 457 1069 532 illa
1086 460 1225 559 palam
1267 446 1293 539 ἶ.

212 575 306 653 falsa
348 591 487 679 eruut,
529 569 743 675 graviffimi
778 571 954 679 defensio
991 571 1223 659 difficilior:

212 711 278 781 ut,
310 690 479 766 detracta
504 693 617 790 prius
642 684 929 763 accusatoribus
952 684 1051 777 fide,
1080 690 1247 793 aggre.'

212 808 374 885 diamur
391 808 602 895 ultimum,
633 809 711 901 jam
735 804 938 897 judicibus
956 807 1094 880 omnia
1114 834 1223 887 vana

211 922 286 997 effe
314 920 577 1003 credentibus.
637 923 749 1018 Opus
786 921 861 993 erit
895 934 1025 994 tamen
1063 922 1223 1021 praesa.

209 1040 340 1125 tione,
382 1061 459 1134 qua
482 1051 521 1109 et
543 1036 646 1109 ratio
670 1032 859 1109 reddatur
883 1032 996 1108 dilati
1023 1037 1220 1131 criminis,

209 1168 250 1227 et
279 1153 534 1251 promittatur
561 1142 759 1224 defenfio:
803 1172 855 1225 ne
880 1148 944 1236 id,
985 1150 1099 1249 quod
1116 1174 1289 1245 *noum

164 1267 341 1341 nstrum
359 1265 732 1352 diluemuiutiinere
753 1262 974 1340 videamur.
1005 1267 1219 1349 Anteactae

95 1374 111 1399 ⁸
210 1385 315 1457 vitae
356 1382 534 1465 crimina.
561 1380 800 1479 plerumque
840 1381 968 1479 prirna
1005 1378 1219 1481 purganda

208 1496 320 1586 sunt,
357 1512 403 1570 ut
427 1494 491 1583 id,
528 1494 685 1594 dequo
711 1495 865 1571 laturus
893 1492 949 1568 est
975 1491 1213 1575 sententiam

124 1692 128 1705 ,
207 1612 352 1708 judex,
386 1609 528 1684 audire
559 1611 758 1709 propitius
793 1611 967 1709 incipiat.
1019 1610 1102 1693 ¹Sed
1128 1610 1208 1711 hoc

209 1751 374 1827 quoque
394 1750 467 1824 pro
490 1730 639 1799 Vareno
658 1726 798 1800 Cicero
818 1727 861 1799 in
883 1726 1068 1803 ultimum
1082 1724 1207 1823 distu7
1272 1726 1277 1733 ’

208 1842 276 1917 lit:
310 1866 404 1927 non,
435 1839 535 1938 quid
551 1838 874 1939 ‘frequentissime
898 1838 977 1928 sed,
1004 1838 1098 1940 quid
1114 1838 1214 1917 tum'

161 1956 431 2057 inexpediret,
466 1954 647 2031 intuitus.
714 1955 817 2027 Cum
846 1953 1009 2048 fimplex
1036 1952 1208 2030 intentio

81 2144 84 2155 ,
205 2074 299 2161 erit,
338 2068 562 2143 videndum
593 2065 668 2151 est,
708 2090 837 2138 unum
869 2064 1023 2163 aliquid
1047 2062 1210 2165 respon·

203 2186 389 2270 deumne.
415 2206 466 2253 an
484 2180 613 2278 plura.
655 2179 697 2252 Si
716 2204 863 2270 unum3
893 2185 931 2254 in
949 2205 993 2255 re
1014 2178 1230 2280 quaestio··

271 2530 318 2570 ια.
354 2512 512 2586 purganda.
572 2510 672 2568 Turie.
703 2511 872 2585 pugnanda,
910 2533 925 2565 a
953 2513 1005 2568 sec.
1037 2532 1127 2570 manu
1155 2516 1211 2571 im·

202 2598 371 2675 pugnanda,
410 2614 438 2651 ct
460 2601 495 2651 sic
520 2595 617 2653 Guelf.
641 2598 740 2671 Camp.
766 2616 832 2650 cum
858 2597 942 2654 Bodl.
968 2598 1056 2653 Goth.
1079 2600 1159 2658 Voss'.
1179 2618 1210 2661 2.

202 2684 278 2742 Vail.
295 2687 385 2737 Andr.
402 2682 465 2736 edd.
481 2697 543 2736 ante
556 2680 622 2735 Ald.
646 2681 755 2754 Regius
771 2680 914 2744 correxit3
934 2684 1059 2756 egregie.
1083 2684 1208 2741 efiDra·

202 2767 289 2823 kenb.
306 2767 342 2820 ad
358 2767 423 2820 Liv.
440 2779 489 2838 39.
507 2778 555 2832 35,
576 2783 603 2820 a.
634 2765 679 2819 sed
702 2781 729 2818 et
743 2765 860 2819 lexicn.
905 2768 979 2820 Item
1003 2768 1038 2821 de
1056 2768 1210 2843 frequenti

200 2858 255 2907 τῶν
275 2872 362 2927 pugn.
380 2866 409 2903 et
426 2869 506 2920 purg.
530 2849 696 2904 confusione
708 2846 855 2902 Drakenb.
867 2849 900 2902 ad
917 2850 984 2904 Liv.
997 2864 1045 2918 34,
1065 2853 1113 2917 62,
1133 2864 1162 2921 5.

263 2938 323 2991 hoc.
366 2933 466 2990 Turio.
490 2931 527 3007 (a
543 2951 589 3009 pr.
604 2935 713 3006 menn)
730 2935 812 2995 enim,
841 2934 887 2988 [ed
910 2953 962 3008 pet
983 2938 1207 3011 compendium.

200 3021 236 3078 ef·
259 3023 287 3085 6,
311 3033 339 3087 ὅ)
364 3034 391 3087 7·

153 3132 162 3150 a
268 3118 315 3170 13.
344 3099 395 3174 est,
418 3122 509 3157 unum.
560 3102 608 3157 Sic
629 3101 730 3156 Turio.
753 3102 851 3175 (apr.
875 3105 984 3173 manu)
1012 3106 1112 3183 Cemp.
1134 3124 1208 3165 cnm

198 3189 276 3246 alm.
294 3203 322 3241 et
339 3187 427 3243 Goth.
446 3206 472 3245 2.
491 3185 630 3262 pulchre,
654 3202 687 3240 ut
703 3186 743 3240 ait
760 3184 840 3241 Gesn.
873 3187 993 3262 Reliqui
1009 3188 1139 3247 inserunt
1155 3210 1207 3247 aa.

199 3274 235 3328 cf.
259 3284 286 3339 5,
315 3284 362 3337 13,
390 3290 436 3326 aa.
523 3272 640 3348 aliquid.
672 3271 771 3325 Turio.
789 3268 987 3327 Guntfioth.
1011 3274 1205 3345 (nesiche.)

198 3356 323 3432 aliquod.
452 3357 481 3409 in
503 3377 539 3411 re.
584 3356 685 3412 Turio.
709 3356 745 3423 (ι
767 3356 819 3408 sec.
846 3360 953 3427 mauu)
975 3356 1071 3412 Guelf.
1099 3358 1203 3436 Camp.

195 3443 268 3511 jure.
306 3437 444 3495 Correxit
465 3438 583 3515 Regius.

240 3695 315 3733 vana
341 3702 384 3719 -·
410 3673 585 3733 credentibus.
630 3678 678 3734 De
720 3677 776 3732 sior
791 3676 881 3733 fuerit
897 3672 1002 3737 oratio‚‘
1023 3676 1204 3755 fiicripserin

196 3778 272 3817 voce
296 3780 369 3816 vana
394 3760 429 3814 cf.
449 3772 476 3827 4,
500 3781 523 3823 ι,
551 3775 598 3829 33.
624 3760 678 3838 effe
720 3763 786 3816 haec
801 3781 856 3836 pro
873 3764 923 3814 hoc
944 3763 1200 3839 (cf.3,11,21.).
1282 3832 1287 3843 ἱ

197 3854 308 3907 autem,
331 3845 409 3917 quod
424 3844 524 3900 Turic.
540 3846 616 3902 solue
629 3867 678 3900 an·
719 3848 776 3901 Etii
792 3847 869 3900 enirn
887 3846 978 3919 potest
991 3847 1096 3903 referri
1108 3851 1144 3904 ad
1157 3870 1205 3910 to·

196 3931 314 3985 revertit
330 3930 485 3999 adjectivo.
509 3929 611 3984 malim
628 3931 677 3985 ab·
719 3946 781 3986 tuni
798 3929 873 3983 illud
887 3933 1026 4002 purgandi
1035 3936 1203 4005 negotium,

195 4013 258 4069 effe.
288 4017 334 4067 An
353 4029 413 4067 erat
435 4018 492 4068 ea?
718 4013 904 4069 commodius
941 4029 1037 4069 tauron
1070 4018 1107 4073 ad
1146 4025 1202 4078 cri.

239 4113 286 4156 η.
309 4099 432 4155 Sed'lroe
448 4118 566 4176 quoque·
603 4098 673 4157 Teo·
716 4101 801 4157 mina.

305 4242 315 4275 t
