2602 4710
147 316 223 387 uu
385 290 440 369 tn.
462 290 569 370 nun.
586 292 980 392 -outnrnrnnffs

118 485 444 587 uquaestiouibus
462 484 754 563 ooniineretur.
825 484 930 561 Cum
955 490 1142 585 etprae-

145 601 360 703 sutiptione
383 604 433 679 lis
455 601 621 703 peirde't,
656 598 707 674 de
731 595 814 700 ipsa
835 599 1036 697 requireri
1053 622 1157 679 non*

145 716 202 793 est
231 714 388 792 necesse.
457 712 726 817 ignominioso
752 710 859 789 fitius
888 711 1156 813 praescribite:

147 832 199 907 de
219 856 268 907 eo
290 829 376 908 solo
395 822 589 925 judicatio
606 828 683 916 est,
711 854 763 903 uu
780 826 921 901 liceat?
975 830 1152 935 Quoties·

145 962 277 1021 tumen
298 949 540 1048 poterimus,
576 942 826 1020 efficiendum
843 940 917 1031 est,
952 958 1000 1019 ut
1024 942 1080 1020 de·
1097 966 1158 1021 τοι

143 1084 309 1160 quoque
339 1061 442 1135 bene
476 1060 637 1133 sentiat:
678 1056 729 1134 fio
758 1060 867 1132 eninr
895 1059 976 1151 juri
1003 1056 1149 1139 nostro

143 1176 337 1251 libentius
352 1173 588 1273 indulgebit.
614 1189 662 1247 ut
675 1174 719 1248 in
735 1170 1022 1274 sponsionibus,
1037 1178 1154 1275 quue²

143 1315 193 1363 ex
206 1288 430 1365 interdictis
455 1285 576 1377 fiunt,
609 1286 759 1363 etiamn
781 1310 865 1363 nou
883 1288 1153 1389 proprietatis·

142 1402 199 1479 est
221 1400 416 1503 quaestio,
445 1400 514 1489 sed
534 1416 689 1477 tantum
711 1398 965 1503 possessionis-z
1004 1418 1142 1479 tamen

140 1542 226 1593 non
242 1516 375 1595 solum
388 1512 591 1619 possedisse
606 1536 703 1605 nos,
736 1514 801 1591 sed
818 1506 937 1591 etiurir
957 1515 1141 1595 nostrum

113 1629 356 1733 apolledisse,
381 1631 524 1705 docere
539 1632 749 1733 oportebit.
789 1629 867 1707 Sed
885 1628 1138 1731 frequentius

138 1749 263 1821 etiam
276 1747 481 1846 quaeritur
490 1744 759 1823 deintentione.
795 1740 1006 1853 Vrrfortis
1019 1760 1157 1859 optet,¹

201 2008 232 2065 ὅ.
259 1995 483 2073 praescriptione.
513 1998 612 2054 Turio.
642 1991 787 2070 praesciae.
831 1994 937 2057 Gneli·
953 1974 1055 2070 {rb-tine·

125 2130 131 2135 .
200 2101 232 2135 ra
254 2086 358 2158 quaeri.
392 2083 500 2137 'Turio
527 2079 622 2155 Guels.
643 2083 745 2153 requiri
766 2100 834 2135 cum
850 2080 925 2139 sens.
942 2080 1029 2138 Turv.

200 2165 261 2237 ign.
274 2164 367 2237 silius.
410 2165 457 2218 Sic
473 2163 569 2221 Gnels.
589 2165 690 2236 Compi
713 2182 780 2217 eum
802 2164 891 2221 Goth.
914 2165 993 2224 Vols.
1008 2181 1036 2221 u.
1059 2166 1140 2226 Veli.

13 2250 17 2259 '
136 2246 216 2303 nim.
236 2249 318 2315 (curn
333 2264 427 2301 tumen
443 2248 477 2300 in
484 2247 584 2302 Turio.
601 2244 680 2299 nihil
692 2262 820 2304 notetur.
843 2246 878 2303 cs.
895 2263 923 2316 7,
941 2258 969 2315 4.
985 2248 1036 2315 56.
1056 2266 1086 2319 ¹7,
1107 2251 1155 2317 6,.
1196 2244 1199 2251 ’

31 2333 36 2349 “
140 2332 208 2397 ιι.)
232 2348 303 2384 cum
324 2329 388 2384 edd.
410 2344 476 2384 ante
496 2331 578 2386 Ruso.
601 2348 662 2403 quo
682 2346 739 2385 rec.
761 2331 848 2405 llud..
865 2330 986 2405 Reliqui
1007 2332 1141 2391 inserunt

136 2415 214 2489 patri
233 2412 352 2483 jubente
373 2413 477 2486 Regio.
605 2458 608 2463 .
642 2412 809 2487 praeseribit.
854 2416 953 2471 Turio.
970 2416 1067 2475 Guelt.
1089 2420 1139 2474 de·

132 2494 254 2572 scribit.·
398 2493 474 2569 soso.
518 2495 617 2552 Turio.
637 2494 733 2552 Guels.
750 2499 926 2574 comploro
951 2517 1019 2555 eum
1039 2502 1153 2576 pluri·.·

137 2579 204 2635 mir.
233 2577 344 2653 Regius
367 2580 504 2636 correxit.
667 2600 705 2635 re.
748 2583 796 2637 Sic
816 2583 916 2637 Turio.
939 2604 954 2637 a
974 2603 1020 2657 pr.
1034 2604 1137 2650 manu,

136 2682 154 2717 u
168 2663 219 2719 seo.
237 2682 295 2725 reo,
319 2679 353 2717 nt
371 2677 401 2717 et
414 2662 509 2719 (ineis.
525 2662 708 2739 cumptum
726 2663 790 2720 aliis
805 2681 833 2720 et
849 2665 913 2723 edd.
927 2684 995 2721 auto
1007 2670 1093 2727 liusu.

199 2759 232 2801 ut
251 2750 290 2801 in.
326 2745 426 2802 Turio.
444 2745 540 2802 Guels.
554 2749 654 2821 Cump.
676 2749 818 2805 omittunt
832 2762 862 2803 ut
877 2768 945 2804 euru
959 2752 1052 2810 Goth.

158 2880 163 2887 .
198 2831 305 2887 docere.
351 2831 451 2886 Turio.
473 2828 571 2888 Guett.
590 2833 692 2907 camp.
715 2832 857 2888 omittunt
874 2852 942 2911 cum
957 2836 1051 2893 Gotlt.

178 3027 427 3106 3.'sgnominioso.
450 3030 485 3086 os.
503 3043 531 3099 7,
547 3049 572 3095 ι,
584 3040 612 3098 8.
654 3028 874 3104 praescribitur,
896 3035 944 3088 etsi
964 3052 1025 3089 nou
1046 3036 1150 3110 putri.¹

131 3116 221 3171 Recte
250 3130 347 3169 etitem
367 3110 469 3171 monet
492 3116 612 3190 Capper.
655 3114 709 3169 Sed
726 3114 890 3188 ipsunolira
906 3118 984 3171 eausa
999 3120 1133 3185 3,b',77.

133 3199 210 3272 patri
246 3197 388 3253 abdicanti
422 3196 480 3253 hoc
521 3199 612 3253 morlo
690 3196 855 3272 sentiat-
876 3202 1039 3274 indulgebit,
1071 3202 1134 3259 soil.

131 3278 296 3357 praescribi,
328 3298 361 3337 ut
377 3301 448 3337 mox
473 3282 508 3337 ud
530 3282 614 3338 liceat
652 3282 758 3354 judex,
796 3284 848 3357 qui
869 3284 1040 3341 subauditur
1066 3286 1135 3343 satie

132 3366 168 3420 fit
182 3360 406 3435 intelligendum
428 3386 510 3439 agere
533 3366 612 3421 abdi·
653 3362 709 3419 aira*
731 3372 831 3421 κοινοῦ.

130 3449 252 3503 cationis
268 3446 384 3521 causam,
407 3470 439 3505 eu
459 3452 536 3505 enirn
551 3449 610 3505 solu
695 3452 722 3504 in
733 3447 933 3528 sponsionibus.
956 3452 986 3509 b.
1004 3474 1028 3509 e.
1046 3454 1079 3507 in
1094 3450 1134 3509 li·

131 3530 173 3587 est
186 3530 219 3584 in
232 3526 339 3585 scholia
351 3548 468 3607 patrnrn
476 3535 609 3590 aduersu·
652 3534 748 3599 tibur,
786 3555 858 3611 queo
893 3536 968 3591 sirint
1000 3539 1133 3593 interve·

130 3614 219 3670 filios.
265 3613 521 3689 SioetDeel.Qn.
538 3618 608 3685 546.
651 3619 750 3673 niente
776 3620 941 3694 sponfione,
975 3619 1071 3695 qualit
1093 3622 1136 3678 est

130 3714 214 3773 puter
250 3695 313 3752 silio
347 3700 515 3774 praescribit
543 3701 609 3765 ulia,
651 3703 728 3777 upud
784 3704 976 3768 Ciceronem,
1024 3704 1134 3761 citante

130 3800 220 3855 quum
234 3780 401 3846 dementire,
416 3788 610 3841 controversia
651 3786 792 3851 (insueto,
827 3791 884 3844 Pro
913 3786 1027 3844 Carein.
1051 3808 1076 3846 o.
1101 3798 1132 3859 8.

131 3883 251 3919 tumeo
267 3880 383 3929 acturo,
404 3887 477 3942 quoe
499 3866 556 3922 solu
570 3870 609 3924 est
651 3870 705 3945 qui
720 3870 796 3925 etad
814 3872 994 3927 Brissonium
1016 3870 1134 3947 ableget

130 3946 407 4006 filiorumudversuu
419 3964 525 4025 patrue.
543 3954 608 4007 llu-
651 3956 687 4009 de
701 3952 837 4010 formulis
852 3965 960 4032 pm.
981 3956 1028 4015 De
1045 3958 1132 4010 inter·

129 4032 178 4106 jue
191 4031 317 4087 murima
330 4034 458 4108 exempli
473 4036 607 4093 eil-Deci.
650 4040 733 4092 dictis
749 4038 785 4093 os.
798 4044 829 4105 3,
842 4038 870 4102 6,
887 4052 936 4105 71.
959 4055 989 4095 et
999 4036 1133 4119 sponsio·

128 4128 201 4185 250.
221 4118 275 4175 ubi
289 4118 395 4175 itidem
410 4118 608 4197 ignominioso
649 4141 697 4178 nar
711 4120 781 4177 virio
796 4136 826 4187 ι,
842 4142 891 4187 ιο,
908 4132 937 4192 5.
