2602 4710
123 95 139 127 Ι

409 158 417 192 Ι

162 299 237 369 218
402 257 922 378 manumittuntur
1000 302 1003 311 ·

164 502 212 553 eo
232 477 367 552 minus
393 471 607 560 confusus,
644 472 854 573 praecipue
874 469 925 546 ad
951 472 1159 547 materiam

116 625 153 681 14
163 589 488 669 accommodatus.
546 590 652 663 Nam
672 600 711 660 et
726 583 930 683 medendo
945 584 1159 665 sublimius

162 706 315 804 aliquid
341 704 513 792 feriatus,
547 703 779 780 concitatius
810 703 1009 804 populus,
1044 704 1158 779 etin

103 908 107 919 1
160 821 319 917 judiciis
339 820 521 920 publicae
548 819 807 919 capitalesque
832 816 965 891 causae
987 815 1159 918 poscunt

161 937 376 1029 accuratius
392 934 554 1008 dicendi
576 958 710 1034 genus.
767 937 818 1007 At
834 934 1040 1033 privatum
1063 958 1159 1011 con·

160 1051 313 1138 filiurn,
348 1048 554 1147 causasque
582 1072 822 1150 paucorum,
851 1063 898 1121 ut
924 1044 1158 1149 frequenter

58 1166 63 1181 '
161 1164 320 1252 accidit,
355 1164 617 1251 calculorum,
651 1186 779 1262 purus
806 1158 953 1252 sermo,
987 1180 1030 1239 et
1045 1163 1200 1256 'diii-ta:

160 1280 267 1356 milis
292 1304 408 1354 curae
426 1279 551 1377 magis
572 1277 757 1352 decuerit.
816 1279 880 1353 An
900 1303 986 1354 non
1006 1277 1158 1379 pudeat

57 1478 62 1489 ¹
160 1412 304 1469 certam
323 1393 508 1468 creditam
527 1392 701 1493 periodis
715 1393 939 1492 postulare?
970 1384 1043 1469 aut'
1055 1397 1160 1471 circa

159 1509 356 1585 stillicidia
369 1506 493 1585 affici?
521 1523 588 1585 aut
612 1509 657 1583 in
674 1509 864 1615 mancipii
885 1507 1159 1588 redhibitione

221 1742 434 1796 adoratorium.
472 1740 571 1794 Tui-ic.
590 1743 706 1793 materia
728 1759 795 1794 cum
816 1739 892 1794 tim.
931 1740 1077 1804 ..toruus
1097 1758 1158 1814 pro

158 1829 340 1886 „materiae.“
355 1828 455 1880 But'm.
473 1825 616 1878 materiam
632 1841 660 1877 et
674 1824 809 1896 protinus
827 1824 1019 1880 accommodat
1031 1825 1116 1883 flor.

225 1924 271 1976 14.
293 1912 332 1964 At
346 1911 494 1984 privatum.
532 1909 631 1963 Turio.
662 1907 739 1962 Flor.
763 1906 859 1962 Gucli.
881 1907 918 1961 ad
938 1929 966 1980 p.
989 1930 1058 1965 cum
1080 1913 1156 1973 Jent

157 1994 230 2061 (tao.
240 1995 344 2062 Gelu.)
367 2010 395 2049 at
416 1993 480 2047 edd.
496 1991 706 2066 posterioribus
720 2007 784 2044 autc
795 1991 888 2055 nure.
917 1991 959 2047 Et
973 2015 1004 2067 p.
1020 1995 1112 2053 Goth.

220 2076 374 2152 causasque.
413 2077 480 2134 Sine
495 2097 547 2151 que
563 2075 663 2129 Turio.
678 2072 773 2130 Gueli.
789 2094 857 2130 cum
871 2076 944 2135 Jeni.
960 2080 1036 2146 (tac.
1051 2080 1157 2153 Gau.)

155 2178 187 2219 et
202 2162 265 2217 edd.
282 2160 490 2237 posterioribus
504 2175 569 2215 ante
586 2159 668 2213 Rulc.
687 2178 747 2214 exc.
764 2154 851 2214 Tarv.
934 2182 1024 2221 curae.
1053 2165 1156 2223 Turio.

155 2245 234 2301 Flor.
252 2242 347 2300 Gucli.
367 2266 412 2298 cur
428 2256 463 2297 to.
488 2268 491 2273 ·
628 2243 759 2297 creditam
781 2264 840 2319 per.
883 2247 931 2300 Sic
951 2248 1054 2305 Turio.
1076 2250 1162 2307 Flos·-

156 2328 257 2385 Ambr.
283 2350 308 2383 ι.
339 2327 459 2402 Reliqui
477 2327 605 2381 insenuit
623 2331 776 2400 pecuniam.
882 2331 1016 2404 periodis.
1055 2335 1157 2391 Turia.

57 2402 58 2406 Ἰ
155 2435 206 2488 per
222 2415 264 2467 lu'c
280 2412 331 2467 dis.
364 2411 458 2467 Gueli.
476 2413 595 2467 omittit.
724 2414 753 2465 iu
773 2416 912 2488 mancipii.
953 2415 1056 2474 Turic.
1075 2416 1162 2475 Flet.-

157 2500 261 2571 incipii.
299 2495 394 2552 Gueli.
420 2498 519 2571 camp.
544 2496 684 2552 omittunt
707 2498 736 2551 in
757 2516 824 2552 eum
846 2498 934 2556 Goth.
951 2515 979 2554 et
1003 2501 1070 2558 edd.
1089 2519 1156 2562 ante

36 2598 39 2605 ·
156 2585 238 2640 Rulc.
262 2601 321 2656 quo
340 2600 397 2639 acc.
413 2580 479 2637 Ald.
1195 2570 1198 2577 ⁵

201 2790 233 2826 ec
251 2775 340 2825 minus
354 2766 497 2845 confeffiss.
521 2768 568 2824 Eo
585 2789 634 2823 va·
675 2767 742 2842 pnti
757 2785 806 2824 aut
821 2768 900 2831 ludi,
922 2772 1025 2828 malim
1041 2772 1156 2831 mim

100 2918 102 2923 ,
156 2854 199 2911 let
219 2871 389 2930 propterea,
419 2854 480 2909 rid.
504 2853 539 2907 ad
556 2867 585 2921 a,
607 2868 634 2914 2,
676 2851 870 2927 adexiguanr.
892 2854 1154 2934 dequadiscepn.

158 2950 208 3008 8⁰·
228 2941 298 2996 Non
315 2954 375 2993 erat
391 2938 484 3012 igitur
501 2956 588 3010 quaro
603 2936 635 2989 in
676 2951 733 2997 tur,
751 2938 899 2993 summam.
922 2940 1029 2997 Saltem
1043 2943 1098 2997 vix
1110 2944 1153 2999 in·

157 3037 185 3078 et
198 3040 340 3078 mutatum
357 3022 447 3077 vellet
463 3023 613 3076 Geliierus.
675 3021 810 3075 venietur
820 3024 952 3096 geminus
962 3020 1056 3089 locus,
1077 3026 1155 3082 uude

204 3119 249 3176 ¹4·
272 3121 300 3161 ct
316 3112 343 3160 in
360 3108 478 3175 judiciis.
509 3106 633 3160 Fortalle
676 3106 748 3158 certi
762 3105 834 3179 quid
852 3108 960 3164 statuas.
983 3111 1019 3165 Id
1035 3130 1154 3186 quoque

156 3193 378 3247 convenientius
390 3192 477 3245 fucrit
487 3190 536 3244 hic
547 3189 633 3243 omit·
675 3207 754 3244 nicae
773 3191 881 3245 rationi
896 3210 1059 3267 congruere
1073 3195 1153 3251 vide·

157 3291 216 3329 tere
232 3279 259 3328 in
275 3296 340 3331 cnm
357 3274 455 3329 Turio.
471 3294 559 3328 rnanu
572 3273 633 3346 pri·
676 3288 740 3336 tur,
763 3275 844 3348 quod
858 3275 1039 3348 interjicitur
1053 3292 1085 3334 nt
1094 3276 1154 3353 fre·

155 3378 211 3417 ma,
236 3380 321 3433 quam
339 3378 483 3433 apponere
500 3360 581 3432 supra
597 3356 632 3409 ad
675 3371 787 3430 quanter
811 3361 928 3435 accidit:
957 3363 1038 3439 saepe
1066 3361 1101 3419 fit
1122 3364 1155 3419 t'tt

150 3442 297 3519 suadendo
317 3464 383 3498 cum
401 3445 534 3497 Gesnero.
675 3439 710 3493 de
726 3442 829 3517 exigua
844 3442 880 3497 lis
898 3446 931 3499 stt
946 3448 1081 3519 pecunia.

197 3548 347 3600 paucorum
382 3553 425 3569 -
456 3526 631 3581 calculorum.
717 3541 818 3580 certam
839 3528 978 3586 creditam.
1017 3530 1055 3587 οἱ.
1076 3542 1104 3601 q,
1124 3546 1151 3595 2.

155 3614 221 3665 Hoc
250 3611 474 3685 interpretantur
508 3613 633 3684 paucita-
676 3609 725 3664 61.
748 3611 801 3665 ubi
823 3611 896 3666 malo
918 3612 1044 3669 alterum
1065 3615 1151 3688 hujus
1191 3624 1194 3629 '

156 3709 211 3749 tem
236 3694 378 3765 judicum,
406 3694 456 3750 vel
480 3692 632 3769 suffragio·
675 3693 835 3751 omiffionit
849 3696 1017 3773 exemplum
1026 3696 1155 3756 inveniri

155 3800 232 3841 ram,
263 3798 335 3852 quae
363 3780 473 3834 fuerint
494 3780 558 3834 data
580 3799 632 3853 per
673 3778 822 3851 negabant.

155 3863 283 3919 calculos.
306 3863 450 3937 Equidem
461 3883 526 3918 cum
538 3864 633 3918 omni·
718 3866 787 3918 circa
825 3859 982 3937 stillicidia.
1037 3866 1151 3931 „Cleon

154 3946 225 4011 bus,
248 3948 302 4003 ubi
320 3948 418 4001 calculi
432 3967 446 3999 ι
462 3947 558 4001 nostro
573 3966 633 4001 me·
675 3946 777 4009 „Orat
796 3967 819 4003 c.
836 3964 886 4004 aa.
910 3950 1002 4028 (luam
1017 3953 1093 4005 enim
1115 3952 1153 4003 in·

154 4048 315 4093 morantur,
334 4029 418 4092 locis.
437 4029 553 4085 videam
568 4031 632 4085 iub·
675 4031 823 4094 „dscorum
853 4028 907 4106 est,
935 4033 971 4088 elo
997 4031 1153 4108 stillicidiis

51 4124 54 4129 '
155 4118 208 4173 css'o
223 4112 464 4191 fignificatiouem
485 4131 535 4170 eut
553 4133 632 4171 com·
674 4135 755 4179 ..cum
770 4117 847 4192 apud
868 4136 953 4171 unum
970 4116 1097 4188 indicent
1112 4116 1153 4171 di·
