<?xml version="1.0" encoding="UTF-8"?>
<!DOCTYPE html PUBLIC "-//W3C//DTD XHTML 1.0 Transitional//EN"
    "http://www.w3.org/TR/xhtml1/DTD/xhtml1-transitional.dtd">
<html xmlns="http://www.w3.org/1999/xhtml" xml:lang="en" lang="en">
 <head>
  <title>
</title>
<meta http-equiv="Content-Type" content="text/html;charset=utf-8" />
  <meta name='ocr-system' content='tesseract 3.04.00' />
  <meta name='ocr-capabilities' content='ocr_page ocr_carea ocr_par ocr_line ocrx_word'/>
</head>
<body>
  <div class='ocr_page' id='page_1' title='image "./deinstitutioneo06quingoog_0137.png"; bbox 0 0 2602 4710; ppageno 0'>
   <div class='ocr_carea' id='block_1_1' title="bbox 123 262 905 425">
    <p class='ocr_par' dir='ltr' id='par_1_1' title="bbox 123 262 905 425">
     <span class='ocr_line' id='line_1_1' title="bbox 123 262 905 425; baseline -0.043 -16"><span class='ocrx_word' id='word_1_1' title='bbox 123 346 199 425; x_wconf 62' lang='grc' dir='ltr'>ιη</span> <span class='ocrx_word' id='word_1_2' title='bbox 347 317 405 389; x_wconf 82' lang='grc' dir='ltr'>Μ.</span> <span class='ocrx_word' id='word_1_3' title='bbox 442 315 546 387; x_wconf 73' lang='lat' dir='ltr'>ctu.</span> <span class='ocrx_word' id='word_1_4' title='bbox 581 262 905 409; x_wconf 63' lang='lat' dir='ltr'>ommuni*</span> 
     </span>
    </p>
   </div>
   <div class='ocr_carea' id='block_1_2' title="bbox 4 487 1124 730">
    <p class='ocr_par' dir='ltr' id='par_1_2' title="bbox 4 487 1124 730">
     <span class='ocr_line' id='line_1_2' title="bbox 4 487 1124 601; baseline -0.036 5"><span class='ocrx_word' id='word_1_5' title='bbox 4 487 13 515; x_wconf 32' lang='grc' dir='ltr'>ι</span> <span class='ocrx_word' id='word_1_6' title='bbox 122 542 255 601; x_wconf 83' lang='lat' dir='ltr'>temen</span> <span class='ocrx_word' id='word_1_7' title='bbox 275 514 380 592; x_wconf 80' lang='lat' dir='ltr'>iacto</span> <span class='ocrx_word' id='word_1_8' title='bbox 407 503 572 584; x_wconf 84' lang='lat' dir='ltr'>defendi</span> <span class='ocrx_word' id='word_1_9' title='bbox 595 524 680 578; x_wconf 87' lang='lat' dir='ltr'>non</span> <span class='ocrx_word' id='word_1_10' title='bbox 703 499 869 601; x_wconf 75' lang='lat' dir='ltr'>poterit,</span> <span class='ocrx_word' id='word_1_11' title='bbox 906 504 996 590; x_wconf 83' lang='lat' dir='ltr'>iure</span> <span class='ocrx_word' id='word_1_12' title='bbox 1018 496 1124 573; x_wconf 80' lang='lat' dir='ltr'>nite-</span> 
     </span>
     <span class='ocr_line' id='line_1_3' title="bbox 123 611 1123 730; baseline -0.025 -14"><span class='ocrx_word' id='word_1_13' title='bbox 123 654 200 714; x_wconf 85' lang='lat' dir='ltr'><strong>tur.</strong></span> <span class='ocrx_word' id='word_1_14' title='bbox 257 638 307 709; x_wconf 90' lang='lat' dir='ltr'>Et</span> <span class='ocrx_word' id='word_1_15' title='bbox 323 639 441 730; x_wconf 92' lang='lat' dir='ltr'>quot,</span> <span class='ocrx_word' id='word_1_16' title='bbox 470 637 511 696; x_wconf 88' lang='lat' dir='ltr'>et</span> <span class='ocrx_word' id='word_1_17' title='bbox 524 618 674 720; x_wconf 80' lang='lat' dir='ltr'>quibua</span> <span class='ocrx_word' id='word_1_18' title='bbox 690 611 810 692; x_wconf 83' lang='lat' dir='ltr'>caufis</span> <span class='ocrx_word' id='word_1_19' title='bbox 832 612 1012 689; x_wconf 84' lang='lat' dir='ltr'>abdicare</span> <span class='ocrx_word' id='word_1_20' title='bbox 1034 636 1123 691; x_wconf 88' lang='lat' dir='ltr'>nou</span> 
     </span>
    </p>
   </div>
   <div class='ocr_carea' id='block_1_3' title="bbox 147 768 1128 980">
    <p class='ocr_par' dir='ltr' id='par_1_3' title="bbox 147 768 1128 980">
     <span class='ocr_line' id='line_1_4' title="bbox 147 768 1119 886; baseline 0.061 -100"><span class='ocrx_word' id='word_1_21' title='bbox 147 768 236 877; x_wconf 59' lang='lat'>⁸26.</span> <span class='ocrx_word' id='word_1_22' title='bbox 267 834 324 871; x_wconf 84' lang='lat' dir='ltr'>nan</span> <span class='ocrx_word' id='word_1_23' title='bbox 337 809 450 886; x_wconf 79' lang='lat' dir='ltr'>poterit.</span> <span class='ocrx_word' id='word_1_24' title='bbox 490 790 589 858; x_wconf 69' lang='lat' dir='ltr'>Turio.</span> <span class='ocrx_word' id='word_1_25' title='bbox 614 797 709 856; x_wconf 89' lang='lat' dir='ltr'>Guels.</span> <span class='ocrx_word' id='word_1_26' title='bbox 732 800 833 875; x_wconf 78' lang='lat' dir='ltr'>camp.</span> <span class='ocrx_word' id='word_1_27' title='bbox 857 797 999 855; x_wconf 88' lang='lat' dir='ltr'>omittunt</span> <span class='ocrx_word' id='word_1_28' title='bbox 1013 818 1081 855; x_wconf 70' lang='lat' dir='ltr'>non,</span> <span class='ocrx_word' id='word_1_29' title='bbox 1116 810 1119 879; x_wconf 41' lang='lat' dir='ltr'>j</span> 
     </span>
     <span class='ocr_line' id='line_1_5' title="bbox 186 881 1128 980; baseline -0.032 -20"><span class='ocrx_word' id='word_1_30' title='bbox 186 913 261 980; x_wconf 78' lang='lat' dir='ltr'>quot.</span> <span class='ocrx_word' id='word_1_31' title='bbox 301 896 403 954; x_wconf 75' lang='lat' dir='ltr'>Turic.</span> <span class='ocrx_word' id='word_1_32' title='bbox 425 888 502 968; x_wconf 79' lang='lat' dir='ltr'>quod</span> <span class='ocrx_word' id='word_1_33' title='bbox 523 904 591 941; x_wconf 88' lang='lat' dir='ltr'>cum</span> <span class='ocrx_word' id='word_1_34' title='bbox 606 882 696 941; x_wconf 79' lang='lat' dir='ltr'>Goth.</span> <span class='ocrx_word' id='word_1_35' title='bbox 718 882 792 940; x_wconf 80' lang='lat' dir='ltr'>obr.</span> <span class='ocrx_word' id='word_1_36' title='bbox 835 884 901 940; x_wconf 83' lang='lat' dir='ltr'><strong>Post</strong></span> <span class='ocrx_word' id='word_1_37' title='bbox 923 881 998 939; x_wconf 86' lang='lat' dir='ltr'>hanc</span> <span class='ocrx_word' id='word_1_38' title='bbox 1015 901 1128 941; x_wconf 67' lang='lat' dir='ltr'>vocem,</span> 
     </span>
    </p>
   </div>
   <div class='ocr_carea' id='block_1_4' title="bbox 122 980 454 1070">
    <p class='ocr_par' dir='ltr' id='par_1_4' title="bbox 122 980 454 1070">
     <span class='ocr_line' id='line_1_6' title="bbox 122 980 454 1070; baseline -0.048 -23"><span class='ocrx_word' id='word_1_39' title='bbox 122 1008 178 1070; x_wconf 73' lang='lat' dir='ltr'>pro</span> <span class='ocrx_word' id='word_1_40' title='bbox 193 1000 221 1043; x_wconf 89' lang='lat' dir='ltr'>et</span> <span class='ocrx_word' id='word_1_41' title='bbox 236 985 285 1040; x_wconf 87' lang='lat' dir='ltr'>dat</span> <span class='ocrx_word' id='word_1_42' title='bbox 303 1000 337 1037; x_wconf 75' lang='lat' dir='ltr'>etc</span> <span class='ocrx_word' id='word_1_43' title='bbox 352 980 454 1054; x_wconf 84' lang='lat' dir='ltr'>Camp.</span> 
     </span>
    </p>
   </div>
   <div class='ocr_carea' id='block_1_5' title="bbox 64 1102 1192 4219">
    <p class='ocr_par' dir='ltr' id='par_1_5' title="bbox 64 1102 1192 4219">
     <span class='ocr_line' id='line_1_7' title="bbox 122 1102 1131 1193; baseline -0.018 -14"><span class='ocrx_word' id='word_1_44' title='bbox 122 1140 179 1179; x_wconf 85' lang='lat' dir='ltr'>nor</span> <span class='ocrx_word' id='word_1_45' title='bbox 202 1112 461 1193; x_wconf 80' lang='lat' dir='ltr'>argumentationia</span> <span class='ocrx_word' id='word_1_46' title='bbox 484 1129 520 1167; x_wconf 90' lang='lat' dir='ltr'>eo</span> <span class='ocrx_word' id='word_1_47' title='bbox 537 1109 603 1186; x_wconf 91' lang='lat' dir='ltr'>qui·</span> <span class='ocrx_word' id='word_1_48' title='bbox 645 1124 761 1165; x_wconf 84' lang='lat' dir='ltr'>motum</span> <span class='ocrx_word' id='word_1_49' title='bbox 781 1104 916 1162; x_wconf 76' lang='lat' dir='ltr'>videatur</span> <span class='ocrx_word' id='word_1_50' title='bbox 938 1102 974 1161; x_wconf 81' lang='lat' dir='ltr'>ab</span> <span class='ocrx_word' id='word_1_51' title='bbox 993 1104 1048 1162; x_wconf 84' lang='lat' dir='ltr'>uso</span> <span class='ocrx_word' id='word_1_52' title='bbox 1065 1106 1131 1180; x_wconf 59' lang='lat' dir='ltr'>Qui</span> 
     </span>
     <span class='ocr_line' id='line_1_8' title="bbox 123 1190 1128 1274; baseline -0.022 -12"><span class='ocrx_word' id='word_1_53' title='bbox 123 1206 191 1263; x_wconf 82' lang='lat' dir='ltr'>dem</span> <span class='ocrx_word' id='word_1_54' title='bbox 206 1202 334 1262; x_wconf 77' lang='lat' dir='ltr'>deducit,</span> <span class='ocrx_word' id='word_1_55' title='bbox 349 1214 382 1254; x_wconf 88' lang='lat' dir='ltr'>ut</span> <span class='ocrx_word' id='word_1_56' title='bbox 394 1197 459 1274; x_wconf 83' lang='lat' dir='ltr'>posi</span> <span class='ocrx_word' id='word_1_57' title='bbox 471 1193 603 1270; x_wconf 83' lang='lat' dir='ltr'>icliquoa</span> <span class='ocrx_word' id='word_1_58' title='bbox 646 1194 682 1250; x_wconf 92' lang='lat' dir='ltr'>cs.</span> <span class='ocrx_word' id='word_1_59' title='bbox 711 1206 748 1260; x_wconf 74' lang='lat'>3,</span> <span class='ocrx_word' id='word_1_60' title='bbox 771 1191 807 1255; x_wconf 78' lang='lat'>6,</span> <span class='ocrx_word' id='word_1_61' title='bbox 828 1190 888 1259; x_wconf 64' lang='grc'><strong>9.).</strong></span> <span class='ocrx_word' id='word_1_62' title='bbox 936 1190 1056 1262; x_wconf 80' lang='lat' dir='ltr'>„Quod</span> <span class='ocrx_word' id='word_1_63' title='bbox 1084 1207 1128 1249; x_wconf 73' lang='lat' dir='ltr'>n·</span> 
     </span>
     <span class='ocr_line' id='line_1_9' title="bbox 123 1274 1126 1360; baseline -0.016 -16"><span class='ocrx_word' id='word_1_64' title='bbox 123 1291 209 1347; x_wconf 73' lang='lat' dir='ltr'>statua</span> <span class='ocrx_word' id='word_1_65' title='bbox 224 1284 362 1360; x_wconf 81' lang='lat' dir='ltr'>legalium</span> <span class='ocrx_word' id='word_1_66' title='bbox 379 1300 497 1357; x_wconf 91' lang='lat' dir='ltr'>quoque</span> <span class='ocrx_word' id='word_1_67' title='bbox 517 1299 604 1357; x_wconf 86' lang='lat' dir='ltr'>quac·</span> <span class='ocrx_word' id='word_1_68' title='bbox 646 1298 741 1343; x_wconf 86' lang='lat' dir='ltr'>„mcu</span> <span class='ocrx_word' id='word_1_69' title='bbox 750 1285 769 1309; x_wconf 85' lang='lat'>‘⁸</span> <span class='ocrx_word' id='word_1_70' title='bbox 786 1274 801 1347; x_wconf 87' lang='lat'>(</span> <span class='ocrx_word' id='word_1_71' title='bbox 809 1274 985 1331; x_wconf 68' lang='lat' dir='ltr'>adversativa</span> <span class='ocrx_word' id='word_1_72' title='bbox 1000 1276 1126 1349; x_wconf 72' lang='lat' dir='ltr'>conjqq·</span> 
     </span>
     <span class='ocr_line' id='line_1_10' title="bbox 123 1356 1127 1434; baseline -0.014 -5"><span class='ocrx_word' id='word_1_73' title='bbox 123 1374 250 1430; x_wconf 82' lang='lat' dir='ltr'>siionum</span> <span class='ocrx_word' id='word_1_74' title='bbox 265 1368 340 1424; x_wconf 83' lang='lat' dir='ltr'>ratio</span> <span class='ocrx_word' id='word_1_75' title='bbox 363 1366 518 1427; x_wconf 73' lang='lat' dir='ltr'>habeatur,</span> <span class='ocrx_word' id='word_1_76' title='bbox 541 1383 603 1418; x_wconf 86' lang='lat' dir='ltr'>eae·</span> <span class='ocrx_word' id='word_1_77' title='bbox 647 1362 706 1418; x_wconf 80' lang='lat' dir='ltr'>ctio</span> <span class='ocrx_word' id='word_1_78' title='bbox 721 1380 755 1416; x_wconf 89' lang='lat' dir='ltr'>eo</span> <span class='ocrx_word' id='word_1_79' title='bbox 772 1360 893 1434; x_wconf 88' lang='lat' dir='ltr'>sp&#39;ectat,</span> <span class='ocrx_word' id='word_1_80' title='bbox 910 1356 999 1433; x_wconf 81' lang='lat' dir='ltr'>quod,</span> <span class='ocrx_word' id='word_1_81' title='bbox 1016 1356 1127 1415; x_wconf 78' lang='lat' dir='ltr'>etiamss</span> 
     </span>
     <span class='ocr_line' id='line_1_11' title="bbox 124 1442 1129 1533; baseline -0.012 -21"><span class='ocrx_word' id='word_1_82' title='bbox 124 1468 182 1533; x_wconf 83' lang='lat' dir='ltr'>que</span> <span class='ocrx_word' id='word_1_83' title='bbox 197 1455 271 1530; x_wconf 83' lang='lat' dir='ltr'>ipsae</span> <span class='ocrx_word' id='word_1_84' title='bbox 286 1464 347 1507; x_wconf 84' lang='lat' dir='ltr'>non</span> <span class='ocrx_word' id='word_1_85' title='bbox 360 1450 478 1527; x_wconf 81' lang='lat' dir='ltr'>ptorsua</span> <span class='ocrx_word' id='word_1_86' title='bbox 493 1447 603 1503; x_wconf 82' lang='lat' dir='ltr'>alienae</span> <span class='ocrx_word' id='word_1_87' title='bbox 645 1447 748 1502; x_wconf 79' lang='lat' dir='ltr'>statum</span> <span class='ocrx_word' id='word_1_88' title='bbox 778 1442 838 1499; x_wconf 84' lang='lat' dir='ltr'>sere</span> <span class='ocrx_word' id='word_1_89' title='bbox 864 1442 956 1498; x_wconf 82' lang='lat' dir='ltr'>secere</span> <span class='ocrx_word' id='word_1_90' title='bbox 987 1462 1049 1500; x_wconf 85' lang='lat' dir='ltr'>nou</span> <span class='ocrx_word' id='word_1_91' title='bbox 1076 1442 1129 1500; x_wconf 60' lang='lat' dir='ltr'>aa*</span> 
     </span>
     <span class='ocr_line' id='line_1_12' title="bbox 124 1527 1127 1605; baseline -0.014 -7"><span class='ocrx_word' id='word_1_92' title='bbox 124 1538 315 1598; x_wconf 81' lang='lat' dir='ltr'>ottendantur</span> <span class='ocrx_word' id='word_1_93' title='bbox 351 1536 386 1591; x_wconf 82' lang='lat' dir='ltr'>ab</span> <span class='ocrx_word' id='word_1_94' title='bbox 430 1532 604 1605; x_wconf 75' lang='lat' dir='ltr'>huiuamodi</span> <span class='ocrx_word' id='word_1_95' title='bbox 644 1531 731 1587; x_wconf 88' lang='lat' dir='ltr'>beant</span> <span class='ocrx_word' id='word_1_96' title='bbox 763 1527 818 1584; x_wconf 85' lang='lat' dir='ltr'>hae</span> <span class='ocrx_word' id='word_1_97' title='bbox 848 1527 1043 1603; x_wconf 67' lang='lat' dir='ltr'>quaestiones,</span> <span class='ocrx_word' id='word_1_98' title='bbox 1084 1545 1127 1587; x_wconf 74' lang='lat' dir='ltr'>n·</span> 
     </span>
     <span class='ocr_line' id='line_1_13' title="bbox 122 1610 1127 1691; baseline -0.014 -10"><span class='ocrx_word' id='word_1_99' title='bbox 122 1624 262 1681; x_wconf 73' lang='lat' dir='ltr'>materiis.</span> <span class='ocrx_word' id='word_1_100' title='bbox 306 1620 365 1674; x_wconf 78' lang='lat' dir='ltr'>Ilaa</span> <span class='ocrx_word' id='word_1_101' title='bbox 397 1620 490 1691; x_wconf 78' lang='lat' dir='ltr'>igitur</span> <span class='ocrx_word' id='word_1_102' title='bbox 517 1636 603 1690; x_wconf 81' lang='lat' dir='ltr'>quae·</span> <span class='ocrx_word' id='word_1_103' title='bbox 644 1636 735 1679; x_wconf 88' lang='lat' dir='ltr'>men,</span> <span class='ocrx_word' id='word_1_104' title='bbox 771 1615 792 1669; x_wconf 87' lang='lat' dir='ltr'>si</span> <span class='ocrx_word' id='word_1_105' title='bbox 825 1610 906 1668; x_wconf 84' lang='lat' dir='ltr'>nulla</span> <span class='ocrx_word' id='word_1_106' title='bbox 941 1611 1127 1689; x_wconf 81' lang='lat' dir='ltr'>relinquatur</span> 
     </span>
     <span class='ocr_line' id='line_1_14' title="bbox 122 1696 1126 1778; baseline -0.012 -13"><span class='ocrx_word' id='word_1_107' title='bbox 122 1709 245 1770; x_wconf 75' lang='lat' dir='ltr'>stionea,</span> <span class='ocrx_word' id='word_1_108' title='bbox 259 1705 331 1776; x_wconf 73' lang='lat' dir='ltr'>juris</span> <span class='ocrx_word' id='word_1_109' title='bbox 345 1721 463 1778; x_wconf 87' lang='lat' dir='ltr'>quoque</span> <span class='ocrx_word' id='word_1_110' title='bbox 478 1699 538 1754; x_wconf 90' lang='lat' dir='ltr'>dici</span> <span class='ocrx_word' id='word_1_111' title='bbox 555 1719 603 1775; x_wconf 88' lang='lat' dir='ltr'>ap·</span> <span class='ocrx_word' id='word_1_112' title='bbox 644 1698 713 1756; x_wconf 80' lang='lat' dir='ltr'>sacti</span> <span class='ocrx_word' id='word_1_113' title='bbox 727 1696 901 1755; x_wconf 76' lang='lat' dir='ltr'>defendendi</span> <span class='ocrx_word' id='word_1_114' title='bbox 915 1697 1007 1761; x_wconf 86' lang='lat' dir='ltr'>ratio,</span> <span class='ocrx_word' id='word_1_115' title='bbox 1027 1696 1067 1753; x_wconf 78' lang='lat' dir='ltr'>iia</span> <span class='ocrx_word' id='word_1_116' title='bbox 1082 1698 1126 1753; x_wconf 89' lang='lat' dir='ltr'>so·</span> 
     </span>
     <span class='ocr_line' id='line_1_15' title="bbox 122 1779 1128 1870; baseline -0.01 -23"><span class='ocrx_word' id='word_1_117' title='bbox 122 1808 205 1870; x_wconf 78' lang='lat' dir='ltr'>paret</span> <span class='ocrx_word' id='word_1_118' title='bbox 216 1788 286 1845; x_wconf 79' lang='lat' dir='ltr'>ioco</span> <span class='ocrx_word' id='word_1_119' title='bbox 303 1799 338 1856; x_wconf 86' lang='lat'>5,</span> <span class='ocrx_word' id='word_1_120' title='bbox 359 1807 413 1850; x_wconf 76' lang='lat' dir='ltr'>io,</span> <span class='ocrx_word' id='word_1_121' title='bbox 431 1795 479 1852; x_wconf 72' lang='lat' dir='ltr'>tq.</span> <span class='ocrx_word' id='word_1_122' title='bbox 502 1783 537 1838; x_wconf 86' lang='lat' dir='ltr'>es.</span> <span class='ocrx_word' id='word_1_123' title='bbox 553 1784 604 1839; x_wconf 89' lang='lat' dir='ltr'>hic</span> <span class='ocrx_word' id='word_1_124' title='bbox 645 1782 682 1838; x_wconf 84' lang='lat' dir='ltr'>lia</span> <span class='ocrx_word' id='word_1_125' title='bbox 705 1782 845 1839; x_wconf 85' lang='lat' dir='ltr'>utendum</span> <span class='ocrx_word' id='word_1_126' title='bbox 867 1782 899 1835; x_wconf 78' lang='lat' dir='ltr'>stt</span> <span class='ocrx_word' id='word_1_127' title='bbox 915 1779 949 1834; x_wconf 83' lang='lat' dir='ltr'>nd</span> <span class='ocrx_word' id='word_1_128' title='bbox 968 1780 1128 1839; x_wconf 81' lang='lat' dir='ltr'>cavendam</span> 
     </span>
     <span class='ocr_line' id='line_1_16' title="bbox 123 1858 1129 1951; baseline -0.009 -19"><span class='ocrx_word' id='word_1_129' title='bbox 123 1883 150 1951; x_wconf 69' lang='grc' dir='ltr'>ς.</span> <span class='ocrx_word' id='word_1_130' title='bbox 160 1876 267 1947; x_wconf 74' lang='grc'><strong>56.59.</strong></span> <span class='ocrx_word' id='word_1_131' title='bbox 288 1875 327 1927; x_wconf 81' lang='lat' dir='ltr'>Et</span> <span class='ocrx_word' id='word_1_132' title='bbox 342 1873 521 1945; x_wconf 81' lang='lat' dir='ltr'>frequentata</span> <span class='ocrx_word' id='word_1_133' title='bbox 528 1867 605 1923; x_wconf 80' lang='lat' dir='ltr'>niul·</span> <span class='ocrx_word' id='word_1_134' title='bbox 644 1869 860 1929; x_wconf 79' lang='lat' dir='ltr'>abdicationem,</span> <span class='ocrx_word' id='word_1_135' title='bbox 874 1858 1129 1923; x_wconf 77' lang='lat' dir='ltr'>recusandamnta·</span> 
     </span>
     <span class='ocr_line' id='line_1_17' title="bbox 122 1950 1130 2028; baseline -0.009 -13"><span class='ocrx_word' id='word_1_136' title='bbox 122 1978 186 2019; x_wconf 83' lang='lat' dir='ltr'>tum</span> <span class='ocrx_word' id='word_1_137' title='bbox 211 1958 249 2014; x_wconf 84' lang='lat' dir='ltr'>est</span> <span class='ocrx_word' id='word_1_138' title='bbox 278 1955 412 2013; x_wconf 73' lang='lat' dir='ltr'>transitio</span> <span class='ocrx_word' id='word_1_139' title='bbox 441 1972 494 2028; x_wconf 82' lang='lat' dir='ltr'>per</span> <span class='ocrx_word' id='word_1_140' title='bbox 519 1953 603 2017; x_wconf 87' lang='lat' dir='ltr'>Nam,</span> <span class='ocrx_word' id='word_1_141' title='bbox 646 1952 692 2008; x_wconf 82' lang='lat' dir='ltr'>sae</span> <span class='ocrx_word' id='word_1_142' title='bbox 710 1952 885 2007; x_wconf 72' lang='lat' dir='ltr'>tractationis</span> <span class='ocrx_word' id='word_1_143' title='bbox 904 1969 1045 2025; x_wconf 84' lang='lat' dir='ltr'>poenam,</span> <span class='ocrx_word' id='word_1_144' title='bbox 1070 1950 1130 2009; x_wconf 88' lang='lat' dir='ltr'>tol·</span> 
     </span>
     <span class='ocr_line' id='line_1_18' title="bbox 66 2030 1130 2120; baseline -0.009 -20"><span class='ocrx_word' id='word_1_145' title='bbox 66 2040 69 2047; x_wconf 73' lang='lat'>&#39;</span> <span class='ocrx_word' id='word_1_146' title='bbox 124 2042 219 2120; x_wconf 81' lang='lat' dir='ltr'>qualia</span> <span class='ocrx_word' id='word_1_147' title='bbox 233 2042 283 2096; x_wconf 81' lang='lat' dir='ltr'>hic</span> <span class='ocrx_word' id='word_1_148' title='bbox 300 2039 341 2096; x_wconf 86' lang='lat' dir='ltr'>sit.</span> <span class='ocrx_word' id='word_1_149' title='bbox 383 2040 477 2113; x_wconf 82' lang='lat' dir='ltr'>Leges</span> <span class='ocrx_word' id='word_1_150' title='bbox 498 2052 604 2100; x_wconf 84' lang='lat' dir='ltr'>autem,</span> <span class='ocrx_word' id='word_1_151' title='bbox 646 2030 1130 2111; x_wconf 74' lang='lat' dir='ltr'>lendum&#39;eemenetaojudieium&gt;</span> 
     </span>
     <span class='ocr_line' id='line_1_19' title="bbox 123 2118 1130 2194; baseline -0.007 -11"><span class='ocrx_word' id='word_1_152' title='bbox 123 2144 158 2185; x_wconf 88' lang='lat' dir='ltr'>nt</span> <span class='ocrx_word' id='word_1_153' title='bbox 172 2126 262 2183; x_wconf 85' lang='lat' dir='ltr'>modo</span> <span class='ocrx_word' id='word_1_154' title='bbox 276 2125 426 2186; x_wconf 73' lang='lat' dir='ltr'>vidimus,</span> <span class='ocrx_word' id='word_1_155' title='bbox 450 2120 513 2176; x_wconf 85' lang='lat' dir='ltr'>sunt</span> <span class='ocrx_word' id='word_1_156' title='bbox 528 2122 604 2194; x_wconf 85' lang='lat' dir='ltr'>ipsae</span> <span class='ocrx_word' id='word_1_157' title='bbox 645 2121 751 2185; x_wconf 75' lang='lat' dir='ltr'>„secto</span> <span class='ocrx_word' id='word_1_158' title='bbox 782 2118 900 2174; x_wconf 84' lang='lat' dir='ltr'>desendi</span> <span class='ocrx_word' id='word_1_159' title='bbox 920 2136 981 2175; x_wconf 79' lang='lat' dir='ltr'>noa</span> <span class='ocrx_word' id='word_1_160' title='bbox 1003 2120 1130 2193; x_wconf 81' lang='lat' dir='ltr'>poterit,</span> 
     </span>
     <span class='ocr_line' id='line_1_20' title="bbox 122 2196 1130 2277; baseline -0.007 -10"><span class='ocrx_word' id='word_1_161' title='bbox 122 2213 190 2271; x_wconf 83' lang='lat' dir='ltr'>iliae</span> <span class='ocrx_word' id='word_1_162' title='bbox 220 2211 406 2265; x_wconf 75' lang='lat' dir='ltr'>materiarum</span> <span class='ocrx_word' id='word_1_163' title='bbox 431 2203 606 2275; x_wconf 81' lang='lat' dir='ltr'>liujutmodi</span> <span class='ocrx_word' id='word_1_164' title='bbox 647 2206 738 2277; x_wconf 80' lang='lat' dir='ltr'>„jure</span> <span class='ocrx_word' id='word_1_165' title='bbox 758 2204 883 2258; x_wconf 73' lang='lat' dir='ltr'>nitetur:</span> <span class='ocrx_word' id='word_1_166' title='bbox 908 2209 964 2258; x_wconf 84' lang='lat' dir='ltr'>et“</span> <span class='ocrx_word' id='word_1_167' title='bbox 982 2196 1063 2275; x_wconf 81' lang='lat' dir='ltr'>(jain</span> <span class='ocrx_word' id='word_1_168' title='bbox 1082 2224 1130 2261; x_wconf 86' lang='lat' dir='ltr'>re·</span> 
     </span>
     <span class='ocr_line' id='line_1_21' title="bbox 122 2285 1130 2371; baseline -0.007 -20"><span class='ocrx_word' id='word_1_169' title='bbox 122 2298 154 2351; x_wconf 90' lang='lat' dir='ltr'>in</span> <span class='ocrx_word' id='word_1_170' title='bbox 172 2294 277 2351; x_wconf 82' lang='lat' dir='ltr'>scholia</span> <span class='ocrx_word' id='word_1_171' title='bbox 293 2289 499 2347; x_wconf 82' lang='lat' dir='ltr'>obtinentium.</span> <span class='ocrx_word' id='word_1_172' title='bbox 523 2288 603 2359; x_wconf 79' lang='lat' dir='ltr'>Quae</span> <span class='ocrx_word' id='word_1_173' title='bbox 632 2291 808 2371; x_wconf 65' lang='lat' dir='ltr'>⁸censentur·</span> <span class='ocrx_word' id='word_1_174' title='bbox 830 2285 1014 2363; x_wconf 73' lang='lat' dir='ltr'>exceptiones</span> <span class='ocrx_word' id='word_1_175' title='bbox 1055 2286 1130 2345; x_wconf 85' lang='lat' dir='ltr'>illae</span> 
     </span>
     <span class='ocr_line' id='line_1_22' title="bbox 124 2366 1130 2455; baseline -0.004 -22"><span class='ocrx_word' id='word_1_176' title='bbox 124 2379 245 2455; x_wconf 81' lang='lat' dir='ltr'>quidem</span> <span class='ocrx_word' id='word_1_177' title='bbox 271 2372 422 2449; x_wconf 86' lang='lat' dir='ltr'>quomodo</span> <span class='ocrx_word' id='word_1_178' title='bbox 445 2388 495 2426; x_wconf 84' lang='lat' dir='ltr'>aut</span> <span class='ocrx_word' id='word_1_179' title='bbox 515 2390 603 2446; x_wconf 80' lang='lat' dir='ltr'>quam</span> <span class='ocrx_word' id='word_1_180' title='bbox 644 2372 736 2445; x_wconf 80' lang='lat' dir='ltr'>juria,</span> <span class='ocrx_word' id='word_1_181' title='bbox 760 2366 812 2447; x_wconf 81' lang='lat' dir='ltr'>per</span> <span class='ocrx_word' id='word_1_182' title='bbox 836 2390 907 2447; x_wconf 76' lang='lat' dir='ltr'>quta</span> <span class='ocrx_word' id='word_1_183' title='bbox 934 2369 1130 2429; x_wconf 78' lang='lat' dir='ltr'>excludantur</span> 
     </span>
     <span class='ocr_line' id='line_1_23' title="bbox 122 2455 1130 2535; baseline -0.005 -17"><span class='ocrx_word' id='word_1_184' title='bbox 122 2483 185 2518; x_wconf 78' lang='lat' dir='ltr'>rem</span> <span class='ocrx_word' id='word_1_185' title='bbox 200 2478 374 2535; x_wconf 82' lang='lat' dir='ltr'>praecurrere</span> <span class='ocrx_word' id='word_1_186' title='bbox 390 2456 540 2519; x_wconf 84' lang='lat' dir='ltr'>dicantur,</span> <span class='ocrx_word' id='word_1_187' title='bbox 561 2456 602 2511; x_wconf 79' lang='lat' dir='ltr'>sa·</span> <span class='ocrx_word' id='word_1_188' title='bbox 644 2455 722 2520; x_wconf 87' lang='lat' dir='ltr'>hae,</span> <span class='ocrx_word' id='word_1_189' title='bbox 757 2456 789 2510; x_wconf 87' lang='lat' dir='ltr'>in</span> <span class='ocrx_word' id='word_1_190' title='bbox 824 2455 932 2530; x_wconf 86' lang='lat' dir='ltr'>quibua</span> <span class='ocrx_word' id='word_1_191' title='bbox 968 2457 1130 2520; x_wconf 75' lang='lat' dir='ltr'>versamur,</span> 
     </span>
     <span class='ocr_line' id='line_1_24' title="bbox 124 2536 1132 2617; baseline -0.003 -16"><span class='ocrx_word' id='word_1_192' title='bbox 124 2564 188 2603; x_wconf 82' lang='lat' dir='ltr'>teor</span> <span class='ocrx_word' id='word_1_193' title='bbox 215 2564 262 2599; x_wconf 87' lang='lat' dir='ltr'>me</span> <span class='ocrx_word' id='word_1_194' title='bbox 284 2540 370 2617; x_wconf 83' lang='lat' dir='ltr'>plane</span> <span class='ocrx_word' id='word_1_195' title='bbox 395 2540 492 2595; x_wconf 81' lang='lat' dir='ltr'>latete.</span> <span class='ocrx_word' id='word_1_196' title='bbox 535 2542 602 2595; x_wconf 89' lang='lat' dir='ltr'>lloc</span> <span class='ocrx_word' id='word_1_197' title='bbox 645 2536 1132 2615; x_wconf 84' lang='lat' dir='ltr'>actionca)„quot“(nequeenim</span> 
     </span>
     <span class='ocr_line' id='line_1_25' title="bbox 122 2622 1131 2706; baseline -0.002 -21"><span class='ocrx_word' id='word_1_198' title='bbox 122 2630 217 2706; x_wconf 80' lang='lat' dir='ltr'>igitur</span> <span class='ocrx_word' id='word_1_199' title='bbox 242 2626 367 2684; x_wconf 78' lang='lat' dir='ltr'>verbum</span> <span class='ocrx_word' id='word_1_200' title='bbox 395 2638 505 2680; x_wconf 81' lang='lat' dir='ltr'>tentare</span> <span class='ocrx_word' id='word_1_201' title='bbox 529 2622 603 2680; x_wconf 89' lang='lat' dir='ltr'>libet</span> <span class='ocrx_word' id='word_1_202' title='bbox 643 2625 736 2702; x_wconf 80' lang='lat' dir='ltr'>place:</span> <span class='ocrx_word' id='word_1_203' title='bbox 758 2644 825 2680; x_wconf 86' lang='lat' dir='ltr'>cum</span> <span class='ocrx_word' id='word_1_204' title='bbox 840 2627 940 2680; x_wconf 75' lang='lat' dir='ltr'>Burni.</span> <span class='ocrx_word' id='word_1_205' title='bbox 958 2640 987 2680; x_wconf 90' lang='lat' dir='ltr'>et</span> <span class='ocrx_word' id='word_1_206' title='bbox 1000 2624 1131 2683; x_wconf 79' lang='lat' dir='ltr'>Getaero</span> 
     </span>
     <span class='ocr_line' id='line_1_26' title="bbox 124 2706 1129 2785; baseline -0.002 -16"><span class='ocrx_word' id='word_1_207' title='bbox 124 2732 153 2770; x_wconf 90' lang='lat' dir='ltr'>et</span> <span class='ocrx_word' id='word_1_208' title='bbox 169 2713 237 2769; x_wconf 89' lang='lat' dir='ltr'>inde</span> <span class='ocrx_word' id='word_1_209' title='bbox 255 2710 365 2766; x_wconf 79' lang='lat' dir='ltr'>efficere</span> <span class='ocrx_word' id='word_1_210' title='bbox 387 2707 437 2765; x_wconf 79' lang='lat' dir='ltr'>vel</span> <span class='ocrx_word' id='word_1_211' title='bbox 452 2706 601 2783; x_wconf 73' lang='lat' dir='ltr'>praeferre,</span> <span class='ocrx_word' id='word_1_212' title='bbox 644 2711 767 2765; x_wconf 80' lang='lat' dir='ltr'>scribere</span> <span class='ocrx_word' id='word_1_213' title='bbox 800 2708 890 2785; x_wconf 75' lang='lat' dir='ltr'>qnos)</span> <span class='ocrx_word' id='word_1_214' title='bbox 927 2726 986 2773; x_wconf 91' lang='lat' dir='ltr'>„et</span> <span class='ocrx_word' id='word_1_215' title='bbox 1017 2710 1129 2785; x_wconf 81' lang='lat' dir='ltr'>quibua</span> 
     </span>
     <span class='ocr_line' id='line_1_27' title="bbox 64 2794 1132 2872; baseline -0.006 -17"><span class='ocrx_word' id='word_1_216' title='bbox 64 2808 69 2817; x_wconf 90' lang='lat'>&#39;</span> <span class='ocrx_word' id='word_1_217' title='bbox 122 2798 188 2863; x_wconf 84' lang='lat' dir='ltr'>vel,</span> <span class='ocrx_word' id='word_1_218' title='bbox 211 2796 292 2872; x_wconf 88' lang='lat' dir='ltr'>quod</span> <span class='ocrx_word' id='word_1_219' title='bbox 308 2794 432 2856; x_wconf 82' lang='lat' dir='ltr'>clarina,</span> <span class='ocrx_word' id='word_1_220' title='bbox 449 2794 548 2847; x_wconf 85' lang='lat' dir='ltr'>minus</span> <span class='ocrx_word' id='word_1_221' title='bbox 563 2810 603 2848; x_wconf 76' lang='lat' dir='ltr'>tn·</span> <span class='ocrx_word' id='word_1_222' title='bbox 644 2796 813 2857; x_wconf 76' lang='lat' dir='ltr'>„eattfia-</span> <span class='ocrx_word' id='word_1_223' title='bbox 827 2811 887 2850; x_wconf 86' lang='lat' dir='ltr'>non</span> <span class='ocrx_word' id='word_1_224' title='bbox 901 2794 1132 2871; x_wconf 79' lang='lat' dir='ltr'>permittatur.“</span> 
     </span>
     <span class='ocr_line' id='line_1_28' title="bbox 121 2877 1130 2953; baseline -0.003 -14"><span class='ocrx_word' id='word_1_225' title='bbox 121 2902 190 2939; x_wconf 87' lang='lat' dir='ltr'>meu</span> <span class='ocrx_word' id='word_1_226' title='bbox 214 2877 370 2938; x_wconf 74' lang='lat' dir='ltr'>verisimile</span> <span class='ocrx_word' id='word_1_227' title='bbox 395 2878 493 2940; x_wconf 85' lang='lat' dir='ltr'>idem,</span> <span class='ocrx_word' id='word_1_228' title='bbox 523 2898 603 2951; x_wconf 81' lang='lat' dir='ltr'>prae·</span> <span class='ocrx_word' id='word_1_229' title='bbox 646 2881 689 2934; x_wconf 85' lang='lat' dir='ltr'>Ita</span> <span class='ocrx_word' id='word_1_230' title='bbox 705 2878 835 2933; x_wconf 76' lang='lat' dir='ltr'>defuncti</span> <span class='ocrx_word' id='word_1_231' title='bbox 857 2878 954 2933; x_wconf 85' lang='lat' dir='ltr'>sumut</span> <span class='ocrx_word' id='word_1_232' title='bbox 972 2877 1130 2953; x_wconf 82' lang='lat' dir='ltr'>qualicun-</span> 
     </span>
     <span class='ocr_line' id='line_1_29' title="bbox 123 2960 1131 3039; baseline -0.004 -15"><span class='ocrx_word' id='word_1_233' title='bbox 123 2969 193 3025; x_wconf 75' lang='lat' dir='ltr'>bere.</span> <span class='ocrx_word' id='word_1_234' title='bbox 234 2964 313 3021; x_wconf 83' lang='lat' dir='ltr'>Illud</span> <span class='ocrx_word' id='word_1_235' title='bbox 328 2961 490 3039; x_wconf 81' lang='lat' dir='ltr'>acceperim</span> <span class='ocrx_word' id='word_1_236' title='bbox 505 2982 537 3016; x_wconf 85' lang='lat' dir='ltr'>ea</span> <span class='ocrx_word' id='word_1_237' title='bbox 552 2980 603 3035; x_wconf 85' lang='lat' dir='ltr'>po·</span> <span class='ocrx_word' id='word_1_238' title='bbox 647 2982 703 3038; x_wconf 90' lang='lat' dir='ltr'>que</span> <span class='ocrx_word' id='word_1_239' title='bbox 740 2960 800 3017; x_wconf 90' lang='lat' dir='ltr'>loci</span> <span class='ocrx_word' id='word_1_240' title='bbox 835 2963 1007 3025; x_wconf 79' lang='lat' dir='ltr'>curatione,</span> <span class='ocrx_word' id='word_1_241' title='bbox 1046 2962 1131 3021; x_wconf 74' lang='lat' dir='ltr'>nihi!</span> 
     </span>
     <span class='ocr_line' id='line_1_30' title="bbox 123 3044 1130 3123; baseline -0.004 -14"><span class='ocrx_word' id='word_1_242' title='bbox 123 3052 240 3114; x_wconf 75' lang='lat' dir='ltr'>tessate,</span> <span class='ocrx_word' id='word_1_243' title='bbox 272 3049 309 3105; x_wconf 90' lang='lat' dir='ltr'>do</span> <span class='ocrx_word' id='word_1_244' title='bbox 337 3068 395 3123; x_wconf 80' lang='lat' dir='ltr'>qna</span> <span class='ocrx_word' id='word_1_245' title='bbox 424 3047 537 3121; x_wconf 81' lang='lat' dir='ltr'>egimua</span> <span class='ocrx_word' id='word_1_246' title='bbox 568 3044 604 3099; x_wconf 84' lang='lat' dir='ltr'>ad</span> <span class='ocrx_word' id='word_1_247' title='bbox 647 3046 965 3122; x_wconf 82' lang='lat' dir='ltr'>agenteadiaeerpendo</span> <span class='ocrx_word' id='word_1_248' title='bbox 982 3065 1037 3102; x_wconf 85' lang='lat' dir='ltr'>uec</span> <span class='ocrx_word' id='word_1_249' title='bbox 1053 3047 1130 3105; x_wconf 86' lang='lat' dir='ltr'>lace·</span> 
     </span>
     <span class='ocr_line' id='line_1_31' title="bbox 124 3129 1131 3207; baseline -0.004 -14"><span class='ocrx_word' id='word_1_250' title='bbox 124 3138 161 3200; x_wconf 84' lang='lat'>6.</span> <span class='ocrx_word' id='word_1_251' title='bbox 184 3153 219 3199; x_wconf 80' lang='lat' dir='ltr'>a,</span> <span class='ocrx_word' id='word_1_252' title='bbox 246 3144 293 3201; x_wconf 72' lang='lat'>²4·</span> <span class='ocrx_word' id='word_1_253' title='bbox 336 3133 443 3207; x_wconf 83' lang='lat' dir='ltr'>Neque</span> <span class='ocrx_word' id='word_1_254' title='bbox 464 3131 543 3186; x_wconf 84' lang='lat' dir='ltr'>euim</span> <span class='ocrx_word' id='word_1_255' title='bbox 558 3129 603 3183; x_wconf 87' lang='lat' dir='ltr'>ui·</span> <span class='ocrx_word' id='word_1_256' title='bbox 645 3131 982 3206; x_wconf 79' lang='lat' dir='ltr'>rand0,potuimuaque,</span> <span class='ocrx_word' id='word_1_257' title='bbox 1001 3131 1131 3207; x_wconf 85' lang='lat' dir='ltr'>idqttod</span> 
     </span>
     <span class='ocr_line' id='line_1_32' title="bbox 121 3212 1131 3289; baseline -0.003 -12"><span class='ocrx_word' id='word_1_258' title='bbox 121 3221 179 3277; x_wconf 83' lang='lat' dir='ltr'>mie</span> <span class='ocrx_word' id='word_1_259' title='bbox 200 3218 307 3276; x_wconf 79' lang='lat' dir='ltr'>durum</span> <span class='ocrx_word' id='word_1_260' title='bbox 328 3216 433 3279; x_wconf 80' lang='lat' dir='ltr'>fucrit,</span> <span class='ocrx_word' id='word_1_261' title='bbox 455 3212 539 3271; x_wconf 79' lang='lat' dir='ltr'>salex</span> <span class='ocrx_word' id='word_1_262' title='bbox 558 3212 603 3267; x_wconf 85' lang='lat' dir='ltr'>di·</span> <span class='ocrx_word' id='word_1_263' title='bbox 645 3215 786 3289; x_wconf 73' lang='lat' dir='ltr'>gundari</span> <span class='ocrx_word' id='word_1_264' title='bbox 814 3214 906 3271; x_wconf 84' lang='lat' dir='ltr'>soient</span> <span class='ocrx_word' id='word_1_265' title='bbox 930 3214 1016 3271; x_wconf 86' lang='lat' dir='ltr'>bonia</span> <span class='ocrx_word' id='word_1_266' title='bbox 1045 3216 1131 3274; x_wconf 78' lang='lat' dir='ltr'>caiti·</span> 
     </span>
     <span class='ocr_line' id='line_1_33' title="bbox 124 3297 1129 3376; baseline -0.002 -18"><span class='ocrx_word' id='word_1_267' title='bbox 124 3321 206 3358; x_wconf 83' lang='lat' dir='ltr'>catur</span> <span class='ocrx_word' id='word_1_268' title='bbox 246 3299 387 3376; x_wconf 74' lang='lat' dir='ltr'>praeferre</span> <span class='ocrx_word' id='word_1_269' title='bbox 421 3320 484 3355; x_wconf 89' lang='lat' dir='ltr'>cam</span> <span class='ocrx_word' id='word_1_270' title='bbox 527 3297 602 3371; x_wconf 81' lang='lat' dir='ltr'>juria</span> <span class='ocrx_word' id='word_1_271' title='bbox 646 3300 703 3362; x_wconf 88' lang='lat' dir='ltr'>cia,</span> <span class='ocrx_word' id='word_1_272' title='bbox 717 3299 800 3355; x_wconf 80' lang='lat' dir='ltr'>uncie</span> <span class='ocrx_word' id='word_1_273' title='bbox 815 3298 982 3355; x_wconf 78' lang='lat' dir='ltr'>crudelibus</span> <span class='ocrx_word' id='word_1_274' title='bbox 999 3320 1129 3373; x_wconf 78' lang='lat' dir='ltr'>parcere.</span> 
     </span>
     <span class='ocr_line' id='line_1_34' title="bbox 123 3383 1131 3463; baseline -0.001 -20"><span class='ocrx_word' id='word_1_275' title='bbox 123 3384 335 3463; x_wconf 76' lang='lat' dir='ltr'>quaestionem,</span> <span class='ocrx_word' id='word_1_276' title='bbox 358 3386 407 3440; x_wconf 88' lang='lat' dir='ltr'>cui</span> <span class='ocrx_word' id='word_1_277' title='bbox 426 3384 603 3439; x_wconf 77' lang='lat' dir='ltr'>occasionem</span> <span class='ocrx_word' id='word_1_278' title='bbox 645 3386 747 3440; x_wconf 82' lang='lat' dir='ltr'>Fateor</span> <span class='ocrx_word' id='word_1_279' title='bbox 775 3383 810 3439; x_wconf 87' lang='lat' dir='ltr'>ab</span> <span class='ocrx_word' id='word_1_280' title='bbox 840 3384 929 3441; x_wconf 84' lang='lat' dir='ltr'>initio</span> <span class='ocrx_word' id='word_1_281' title='bbox 959 3384 1037 3438; x_wconf 84' lang='lat' dir='ltr'>mihi</span> <span class='ocrx_word' id='word_1_282' title='bbox 1066 3402 1131 3441; x_wconf 84' lang='lat' dir='ltr'>nott</span> 
     </span>
     <span class='ocr_line' id='line_1_35' title="bbox 123 3465 1192 3542; baseline 0.001 -17"><span class='ocrx_word' id='word_1_283' title='bbox 123 3469 259 3532; x_wconf 80' lang='lat' dir='ltr'>dederit,</span> <span class='ocrx_word' id='word_1_284' title='bbox 304 3487 391 3541; x_wconf 81' lang='lat' dir='ltr'>quam</span> <span class='ocrx_word' id='word_1_285' title='bbox 431 3468 509 3542; x_wconf 84' lang='lat' dir='ltr'>quast</span> <span class='ocrx_word' id='word_1_286' title='bbox 544 3465 603 3540; x_wconf 85' lang='lat' dir='ltr'>ipsa</span> <span class='ocrx_word' id='word_1_287' title='bbox 645 3467 771 3523; x_wconf 86' lang='lat' dir='ltr'>sufficere</span> <span class='ocrx_word' id='word_1_288' title='bbox 797 3467 977 3525; x_wconf 83' lang='lat' dir='ltr'>structuram.</span> <span class='ocrx_word' id='word_1_289' title='bbox 1027 3468 1130 3526; x_wconf 76' lang='lat' dir='ltr'>Debe-</span> <span class='ocrx_word' id='word_1_290' title='bbox 1188 3528 1192 3537; x_wconf 73' lang='grc'>,</span> 
     </span>
     <span class='ocr_line' id='line_1_36' title="bbox 122 3549 1130 3627; baseline -0.001 -16"><span class='ocrx_word' id='word_1_291' title='bbox 122 3554 219 3611; x_wconf 72' lang='lat' dir='ltr'>{route</span> <span class='ocrx_word' id='word_1_292' title='bbox 238 3550 378 3606; x_wconf 82' lang='lat' dir='ltr'>ottendat.</span> <span class='ocrx_word' id='word_1_293' title='bbox 409 3553 483 3614; x_wconf 87' lang='lat' dir='ltr'>Jam,</span> <span class='ocrx_word' id='word_1_294' title='bbox 505 3549 602 3606; x_wconf 86' lang='lat' dir='ltr'>leniua</span> <span class='ocrx_word' id='word_1_295' title='bbox 645 3552 694 3608; x_wconf 90' lang='lat' dir='ltr'>bat</span> <span class='ocrx_word' id='word_1_296' title='bbox 725 3553 804 3609; x_wconf 87' lang='lat' dir='ltr'>enim</span> <span class='ocrx_word' id='word_1_297' title='bbox 831 3551 895 3627; x_wconf 84' lang='lat' dir='ltr'>post</span> <span class='ocrx_word' id='word_1_298' title='bbox 924 3549 1016 3624; x_wconf 76' lang='grc' dir='ltr'><strong>ΝαηιΙ</strong></span> <span class='ocrx_word' id='word_1_299' title='bbox 1031 3552 1130 3610; x_wconf 72' lang='lat' dir='ltr'>sittim</span> 
     </span>
     <span class='ocr_line' id='line_1_37' title="bbox 123 3632 1130 3713; baseline 0 -21"><span class='ocrx_word' id='word_1_300' title='bbox 123 3656 211 3713; x_wconf 78' lang='lat' dir='ltr'>quam</span> <span class='ocrx_word' id='word_1_301' title='bbox 225 3636 339 3712; x_wconf 81' lang='lat' dir='ltr'>priorea</span> <span class='ocrx_word' id='word_1_302' title='bbox 361 3632 432 3689; x_wconf 84' lang='lat' dir='ltr'>huic</span> <span class='ocrx_word' id='word_1_303' title='bbox 450 3634 517 3691; x_wconf 84' lang='lat' dir='ltr'>ioco</span> <span class='ocrx_word' id='word_1_304' title='bbox 540 3655 601 3690; x_wconf 85' lang='lat' dir='ltr'>mc·</span> <span class='ocrx_word' id='word_1_305' title='bbox 644 3637 798 3711; x_wconf 80' lang='lat' dir='ltr'>subjungi,</span> <span class='ocrx_word' id='word_1_306' title='bbox 821 3637 856 3691; x_wconf 91' lang='lat' dir='ltr'>de</span> <span class='ocrx_word' id='word_1_307' title='bbox 871 3655 931 3710; x_wconf 90' lang='lat' dir='ltr'>quo</span> <span class='ocrx_word' id='word_1_308' title='bbox 948 3653 1046 3711; x_wconf 80' lang='lat' dir='ltr'>ageret</span> <span class='ocrx_word' id='word_1_309' title='bbox 1061 3638 1130 3705; x_wconf 79' lang='lat' dir='ltr'>scri·</span> 
     </span>
     <span class='ocr_line' id='line_1_38' title="bbox 124 3716 1130 3798; baseline 0.001 -22"><span class='ocrx_word' id='word_1_310' title='bbox 124 3722 240 3782; x_wconf 86' lang='lat' dir='ltr'>dentea,</span> <span class='ocrx_word' id='word_1_311' title='bbox 259 3734 446 3793; x_wconf 82' lang='lat' dir='ltr'>trattaponena</span> <span class='ocrx_word' id='word_1_312' title='bbox 459 3738 547 3777; x_wconf 78' lang='lat' dir='ltr'>vocet</span> <span class='ocrx_word' id='word_1_313' title='bbox 560 3719 601 3774; x_wconf 81' lang='lat' dir='ltr'>ita</span> <span class='ocrx_word' id='word_1_314' title='bbox 642 3740 728 3798; x_wconf 80' lang='lat' dir='ltr'>pter,</span> <span class='ocrx_word' id='word_1_315' title='bbox 747 3724 820 3790; x_wconf 74' lang='lat' dir='ltr'>juria</span> <span class='ocrx_word' id='word_1_316' title='bbox 833 3716 1020 3797; x_wconf 73' lang='lat' dir='ltr'>questiones,</span> <span class='ocrx_word' id='word_1_317' title='bbox 1045 3720 1130 3796; x_wconf 81' lang='lat' dir='ltr'>qued</span> 
     </span>
     <span class='ocr_line' id='line_1_39' title="bbox 123 3801 1183 3879; baseline 0.002 -19"><span class='ocrx_word' id='word_1_318' title='bbox 123 3805 262 3861; x_wconf 79' lang='lat' dir='ltr'>scribam:</span> <span class='ocrx_word' id='word_1_319' title='bbox 292 3802 397 3866; x_wconf 86' lang='lat' dir='ltr'>„Nam</span> <span class='ocrx_word' id='word_1_320' title='bbox 419 3801 498 3877; x_wconf 71' lang='lat' dir='ltr'>leget</span> <span class='ocrx_word' id='word_1_321' title='bbox 527 3804 601 3875; x_wconf 78' lang='lat' dir='ltr'>jutia</span> <span class='ocrx_word' id='word_1_322' title='bbox 643 3823 677 3861; x_wconf 87' lang='lat' dir='ltr'>ut</span> <span class='ocrx_word' id='word_1_323' title='bbox 696 3807 863 3879; x_wconf 80' lang='lat' dir='ltr'>contingat,</span> <span class='ocrx_word' id='word_1_324' title='bbox 893 3805 1045 3867; x_wconf 83' lang='lat' dir='ltr'>retinenda</span> <span class='ocrx_word' id='word_1_325' title='bbox 1070 3806 1132 3862; x_wconf 82' lang='lat' dir='ltr'>erit</span> <span class='ocrx_word' id='word_1_326' title='bbox 1179 3828 1183 3835; x_wconf 93' lang='lat'><em>·</em></span> 
     </span>
     <span class='ocr_line' id='line_1_40' title="bbox 122 3886 1129 3965; baseline 0.004 -23"><span class='ocrx_word' id='word_1_327' title='bbox 122 3886 324 3963; x_wconf 86' lang='lat' dir='ltr'>„plerumque</span> <span class='ocrx_word' id='word_1_328' title='bbox 334 3886 512 3961; x_wconf 71' lang='lat' dir='ltr'>quaestiones</span> <span class='ocrx_word' id='word_1_329' title='bbox 522 3910 601 3962; x_wconf 84' lang='lat' dir='ltr'>prae·</span> <span class='ocrx_word' id='word_1_330' title='bbox 643 3892 769 3965; x_wconf 67' lang='lat' dir='ltr'>Regiam</span> <span class='ocrx_word' id='word_1_331' title='bbox 780 3887 829 3943; x_wconf 72' lang='lat' dir='ltr'>illa</span> <span class='ocrx_word' id='word_1_332' title='bbox 839 3891 1034 3963; x_wconf 75' lang='lat' dir='ltr'>tranopositio,</span> <span class='ocrx_word' id='word_1_333' title='bbox 1051 3910 1129 3965; x_wconf 82' lang='lat' dir='ltr'>quae</span> 
     </span>
     <span class='ocr_line' id='line_1_41' title="bbox 121 3970 1131 4047; baseline 0.002 -20"><span class='ocrx_word' id='word_1_334' title='bbox 121 3972 223 4047; x_wconf 79' lang='lat' dir='ltr'>..ferre</span> <span class='ocrx_word' id='word_1_335' title='bbox 239 3970 346 4034; x_wconf 90' lang='lat' dir='ltr'>solent,</span> <span class='ocrx_word' id='word_1_336' title='bbox 364 3970 417 4046; x_wconf 79' lang='lat' dir='ltr'>sed</span> <span class='ocrx_word' id='word_1_337' title='bbox 439 3990 476 4025; x_wconf 83' lang='lat' dir='ltr'>ex</span> <span class='ocrx_word' id='word_1_338' title='bbox 492 3972 600 4045; x_wconf 82' lang='lat' dir='ltr'>quibua</span> <span class='ocrx_word' id='word_1_339' title='bbox 643 3994 721 4030; x_wconf 87' lang='lat' dir='ltr'>nnnc</span> <span class='ocrx_word' id='word_1_340' title='bbox 748 3990 861 4047; x_wconf 82' lang='lat' dir='ltr'>recepta</span> <span class='ocrx_word' id='word_1_341' title='bbox 886 3973 933 4027; x_wconf 80' lang='lat' dir='ltr'>esi.</span> <span class='ocrx_word' id='word_1_342' title='bbox 977 3974 1034 4029; x_wconf 86' lang='lat' dir='ltr'>Sed</span> <span class='ocrx_word' id='word_1_343' title='bbox 1066 3974 1131 4029; x_wconf 86' lang='lat' dir='ltr'>dici</span> 
     </span>
     <span class='ocr_line' id='line_1_42' title="bbox 121 4052 1141 4133; baseline -0.001 -20"><span class='ocrx_word' id='word_1_344' title='bbox 121 4058 245 4121; x_wconf 83' lang='lat' dir='ltr'>..causae</span> <span class='ocrx_word' id='word_1_345' title='bbox 263 4076 324 4112; x_wconf 87' lang='lat' dir='ltr'>non</span> <span class='ocrx_word' id='word_1_346' title='bbox 344 4053 395 4111; x_wconf 82' lang='lat' dir='ltr'>fiat</span> <span class='ocrx_word' id='word_1_347' title='bbox 415 4052 601 4128; x_wconf 73' lang='lat' dir='ltr'>constitutio“</span> <span class='ocrx_word' id='word_1_348' title='bbox 643 4079 703 4115; x_wconf 87' lang='lat' dir='ltr'>non</span> <span class='ocrx_word' id='word_1_349' title='bbox 724 4057 817 4132; x_wconf 84' lang='lat' dir='ltr'>potest</span> <span class='ocrx_word' id='word_1_350' title='bbox 839 4076 926 4132; x_wconf 82' lang='lat' dir='ltr'>quam</span> <span class='ocrx_word' id='word_1_351' title='bbox 954 4057 1027 4115; x_wconf 84' lang='lat' dir='ltr'>duta</span> <span class='ocrx_word' id='word_1_352' title='bbox 1048 4057 1141 4133; x_wconf 61' lang='lat' dir='ltr'>milti,</span> 
     </span>
     <span class='ocr_line' id='line_1_43' title="bbox 119 4136 842 4219; baseline 0.003 -22"><span class='ocrx_word' id='word_1_353' title='bbox 119 4136 308 4219; x_wconf 62' lang='lat' dir='ltr'>(telstatttt,</span> <span class='ocrx_word' id='word_1_354' title='bbox 327 4137 600 4198; x_wconf 81' lang='lat' dir='ltr'>iiiiiuduimiara·</span> <span class='ocrx_word' id='word_1_355' title='bbox 628 4163 675 4203; x_wconf 77' lang='lat' dir='ltr'>,ee</span> <span class='ocrx_word' id='word_1_356' title='bbox 698 4142 842 4200; x_wconf 77' lang='lat' dir='ltr'>videatur,</span> 
     </span>
    </p>
   </div>
   <div class='ocr_carea' id='block_1_6' title="bbox 0 0 1309 4710">
    <p class='ocr_par' dir='ltr' id='par_1_6' title="bbox 0 0 1309 4710">
     <span class='ocr_line' id='line_1_44' title="bbox 0 0 1309 4710; baseline 0 0"><span class='ocrx_word' id='word_1_357' title='bbox 0 0 1309 4710; x_wconf 95' lang='lat' dir='ltr'> </span> 
     </span>
    </p>
   </div>
  </div>
 </body>
</html>
