2602 4710
140 343 191 392 uo
371 321 428 399 M·
462 320 563 391 ΕΑΒ.
597 280 907 415 uenenum

143 509 292 586 donare
314 506 501 596 solemus,
532 523 572 582 et
591 504 816 582 concederet
854 502 1001 604 Neque
1025 505 1135 584 enim
1231 518 1234 531 ¹

144 627 308 701 trarrsire
332 622 381 698 ad
405 612 501 699 cliui
518 617 741 722 postumus,
767 615 841 711 nifi
863 616 1136 721 emiffieprio·

96 741 262 825 eribus.
311 738 430 844 Quod
451 735 582 836 ipsum
597 739 651 810 itu
668 732 756 810 fieri
773 727 940 836 oportet,
964 760 1063 825 nou,
1089 746 1140 812 ut

143 842 337 931 damnatio
369 871 432 928 eas
466 852 708 953 videamur,
726 848 793 924 sed
822 845 1006 938 omifitre,
1041 852 1138 950 quia
1196 894 1197 899 =

141 967 325 1071 poffimus
345 969 464 1042 etiam
488 966 647 1042 linceis
670 965 840 1042 vincere.
897 967 1138 1042 Procurator

141 1084 242 1161 cc'lretr
184 1082 304 1181 rcujus
334 1086 535 1181 pecuniam
570 1080 669 1179 petit
704 1107 754 1156 ex
779 1074 951 1186 foenore
989 1077 1139 1154 heredi

142 1203 265 1274 tario:
293 1195 419 1297 potest
445 1194 621 1271 incidere
642 1192 837 1294 quaestio,
866 1193 935 1269 An
951 1190 1039 1267 huic
1060 1187 1140 1306 effe

93 1327 430 1412 „procuratorem
456 1311 598 1385 liceat?
651 1311 774 1410 Finge
802 1334 896 1397 noe,
930 1304 1139 1409 postquem

95 1486 97 1490 ⁷
142 1428 415 1515 tractavimus,
445 1427 662 1515 remittere,
692 1425 759 1499 vel
788 1425 905 1499 etiam
928 1423 1135 1499 convinci:

142 1557 364 1643 quaeretur,
390 1541 459 1617 An
479 1546 525 1628 ei,
543 1540 648 1637 czrjus
664 1543 812 1615 nomine
827 1539 1020 1643 litigatur,
1040 1562 1134 1636 pro·

36 1668 40 1673 '
142 1673 358 1759 curatorem
375 1653 537 1730 habendi
553 1650 606 1762 fit
619 1654 715 1753 jus?
759 1652 1019 1757 Discedumus
1037 1650 1134 1727 hinc

90 1762 326 1870 *quoque
366 1772 507 1870 recipit
542 1771 704 1845 materia
721 1740 1028 1957 lquaestionem,
1063 1766 1134 1842 An

140 1884 218 1975 ille,
248 1882 353 1984 cujus
370 1890 517 1962 nomine
539 1910 566 1960 a
565 1888 694 1991 gitur,
721 1879 896 1990 teresstt
866 1877 1139 1986 rfoeneruto·

203 2104 285 2158 enim.
327 2099 424 2156 Gueli.
447 2101 546 2172 Camp.
569 2101 663 2157 etiam·

209 2204 254 2257 ²9·
288 2188 352 2257 quia
376 2181 513 2260 poffimus.
552 2180 648 2237 Guelf.
667 2178 755 2236 Goth.
781 2182 854 2250 (tac
872 2181 952 2237 Gein.
961 2182 1020 2259 )q.
1042 2180 1137 2260 peffe-

141 2287 201 2322 mes
223 2271 272 2333 (et
294 2265 421 2324 ficVoff
438 2281 465 2319 2.
494 2264 547 2319 ubi
571 2280 647 2319 errat
668 2265 876 2332 Burm.)erun
899 2265 963 2322 edd.
982 2267 1137 2327 antelind.

143 2369 204 2404 exc.
222 2350 321 2422 Camp.
351 2348 493 2437 quiquod
513 2348 569 2418 (ci.
588 2348 615 2411 6,
633 2359 661 2416 4,
680 2351 747 2418 ι5.)
768 2346 908 2425 poffimus.
953 2412 956 2419 ,

208 2446 256 2486 2ο.
287 2424 400 2507 tractui.
424 2436 524 2487 renritt.
568 2434 667 2489 Turmic
698 2431 794 2488 Guelf.
825 2434 912 2489 Goth.
940 2436 1039 2510 Camp.
1063 2426 1137 2490 inse·

141 2498 439 2573 runteacumVoff.
458 2515 583 2572 2.Bas1}.
606 2517 702 2572 eadem
718 2516 808 2574 Goth.
825 2533 853 2573 2.
884 2519 940 2574 sed
965 2520 1051 2574 Tarr.
1067 2517 1136 2574 Ald.
1146 2554 1150 2567 ι

143 2619 213 2661 nm,
236 2614 265 2654 et
280 2599 337 2654 hoc
351 2599 476 2654 refertur
490 2620 526 2655 ex
539 2599 615 2656 Alm.
632 2600 681 2671 (ci
697 2607 722 2674 4.
735 2618 762 2675 9.
773 2604 837 2671 21.)
858 2603 1015 2678 probatum
1031 2602 1137 2678 Regio.

143 2683 215 2740 Non
236 2668 424 2738 necessarium
445 2702 529 2740 certe.
552 2685 588 2740 ci.
605 2696 632 2752 5,
652 2702 698 2748 12,
718 2697 745 2754 8.
789 2687 987 2750 Burmannus,
1018 2699 1139 2742 tractare

142 2768 267 2844 proprio
284 2768 360 2823 lctis
376 2786 458 2823 more
474 2767 533 2822 dici
548 2768 675 2824 absolute
692 2772 748 2826 fine
773 2770 905 2841 objecto,
935 2769 993 2829 hoe
1016 2771 1138 2846 quidem

144 2850 211 2907 loco
225 2851 301 2905 mihi
316 2870 377 2907 nou
393 2852 506 2926 probat,
530 2856 578 2907 etsi
593 2851 752 2910 locutionis
767 2857 799 2910 in
812 2874 917 2928 genere
933 2855 1023 2911 citant
1039 2855 1139 2910 testem
1215 2905 1218 2909 .

142 2933 401 3012 locupleriffimu'n
420 2934 513 2995 Vales.
533 2936 568 2989 ad
596 2939 692 2993 Arum.
716 2941 806 2994 Marc.
824 2949 872 3006 23,
891 2949 918 3006 4.
939 2959 967 3013 p.
999 2938 1043 2994 ed.
1061 2940 1139 2995 Gro-

143 3038 213 3074 nov.
234 3030 307 3092 4ι5.
472 3040 579 3092 procur.
596 3050 637 3063 —
647 3024 704 3090 jus.
743 3024 843 3078 Turic.
858 3046 887 3097 p.
904 3024 929 3078 h.
941 3020 967 3096 f.
986 3027 1017 3079 is.
1048 3025 1138 3080 esec.
1165 3080 1177 3098 ‚

144 3120 248 3156 nranu:
279 3118 441 3178 procurator
460 3103 601 3159 habendus
616 3103 657 3180 fit
679 3109 702 3160 is
727 3124 755 3162 et
779 3110 815 3162 fic
833 3106 929 3163 Gueli.
957 3108 1030 3178 (niti
1055 3106 1139 3182 quod

143 3192 367 3258 procuratorem)
392 3193 491 3264 camp.
625 3195 748 3246 necteria.
792 3192 889 3248 Turic.
915 3190 1010 3247 Guelf.
1035 3193 1137 3267 Camp.

143 3281 243 3322 nutura
260 3288 327 3323 cnm
341 3272 416 3329 Alm.
434 3271 521 3331 Bodl.
538 3272 627 3327 Andr.
644 3290 672 3328 et
687 3275 750 3330 edd.
767 3293 831 3331 ante
846 3278 915 3333 Bae.
947 3278 1064 3329 materia
1088 3296 1139 3330 na·
1205 3332 1208 3336 .

144 3353 309 3407 turaGoth.
336 3357 513 3432 (utrumqne
531 3358 618 3419 enim,
641 3378 694 3414 en.
714 3361 815 3429 Gesn.)
836 3381 903 3416 cum
917 3359 995 3416 Voss'.
1014 3376 1042 3417 2.
1078 3363 1137 3422 ,,Ιιι
1226 3342 1231 3357 ¹

141 3433 236 3497 „vali
260 3453 401 3511 expuncta
423 3440 551 3498 dictione
574 3454 675 3497 natura
695 3440 802 3518 legitur
818 3449 964 3502 veneria!¹
978 3444 1068 3500 BAD.
1098 3442 1137 3500 cf.

142 3534 170 3580 2,
195 3530 223 3589 8,
252 3537 299 3577 ι2.

184 3695 231 3753 ¹8·
255 3688 369 3744 donare.
400 3689 436 3746 cf.
453 3703 481 3758 5,
499 3694 527 3757 6,
544 3706 572 3763 8.
700 3713 749 3754 2ο.
777 3694 921 3773 postquam
949 3699 1138 3762 tractavimus.

40 3820 44 3829 ,
188 3787 234 3841 ι9.
266 3774 353 3827 Proca
355 3789 471 3829 rator·
472 3779 559 3832 mirer
561 3780 617 3834 edi·
658 3786 803 3838 remittere.
846 3783 882 3836 ci.
898 3795 926 3847 3,
945 3781 972 3844 62
990 3792 1017 3849 8·

140 3855 222 3908 tario.
265 3856 300 3913 ct
316 3866 344 3924 4,
368 3868 395 3925 4,
419 3858 446 3914 6.
488 3861 568 3915 De
553 3883 617 3928 rere

139 3935 259 3993 habendi
274 3957 480 4012 procuratorem
494 3946 615 4019 Cupper.
701 3952 825 4005 materia.
871 3949 906 4006 cs.
932 3961 961 4016 ὅ,
979 3958 1008 4018 8
1027 3959 1074 4018 53·
1107 3965 1137 4019 7

84 4064 88 4085 ,
138 4018 250 4095 ableget
283 4024 319 4078 ad
356 4027 490 4084 luttitun.
526 4037 554 4094 4,
585 4046 614 4084 x.
658 4045 687 4100 4,
709 4048 757 4101 24.

136 4104 208 4162 addo
229 4108 300 4183 Dig.
316 4121 345 4176 5,
360 4122 388 4178 5.

42 4242 137 4391 “t
