2602 4710
305 276 429 349 mn.
462 236 671 351 omma
705 280 796 350 cm.
822 261 920 368 vin,
955 304 995 371 3.
1073 291 1145 376 257

141 462 270 545 modo
309 462 504 554 ostendit,
549 468 656 541 inter
686 486 915 566 ornamenta
942 498 1146 572 ponamus.

139 588 294 701 Magna
311 584 442 658 virtus
466 580 539 671 est,
568 609 652 671 res,
681 583 731 658 de
758 585 904 684 quibus
927 589 1148 687 loquimur,
1158 607 1198 663 σι

140 699 269 786 clare,
309 715 427 796 atque
450 713 494 773 ut
520 701 629 772 cerni
655 700 885 788 videantur,
923 708 1149 778 enunciare.

140 815 245 888 Non
263 816 374 886 enim
388 812 478 888 satis
494 812 622 902 efficit,
646 840 791 914 neque,
813 831 860 901 nt
876 816 1004 905 debet,
1032 820 1150 918 plane

141 926 381 1004 dominatur
407 930 555 1017 oratio,
595 926 780 1029 fiusque
809 930 859 1004 ad
889 917 1003 1008 aurei
1032 935 1150 1023 valet,

143 1060 265 1143 atque
282 1068 327 1117 ea
345 1043 417 1117 fibi
434 1042 567 1137 judex,
590 1036 807 1142 dequibus
825 1046 1037 1146 cognoscit,
1061 1074 1151 1122 nar-

83 1160 233 1249 mrari
261 1158 405 1247 credit,
444 1185 530 1235 non
560 1161 749 1258 exprimi,
783 1176 823 1233 et
854 1163 981 1245 oculis
1007 1166 1151 1238 mentis

150 1271 318 1350 ostendi
349 1274 439 1362 Sed,
465 1275 657 1374 quoniam
673 1275 859 1373 pluribus
878 1276 1010 1352 modis
1027 1280 1201 1378 accipito

148 1385 268 1478 solet,
302 1415 388 1465 non
406 1388 595 1489 equidem
612 1391 656 1462 in
679 1415 816 1465 omnes
834 1416 920 1465 eam
940 1394 1152 1491 particulae

146 1500 306 1594 secabo,
341 1531 513 1603 quarum
540 1502 744 1579 ambitiose
767 1531 789 1578 a
812 1506 1051 1606 quibusdam
1075 1500 1153 1582 nii·

144 1644 286 1695 merus
309 1636 496 1721 augetur,
523 1618 591 1695 sed
606 1620 776 1694 maxime
792 1619 1015 1697 necessarias
1036 1624 1152 1697 attin·

144 1759 249 1836 gam.
282 1731 348 1809 Est
365 1736 488 1834 igitur
504 1762 635 1809 unum
650 1759 787 1832 genus,
814 1762 897 1832 quo
917 1753 998 1812 tota
1016 1761 1152 1813 rerum

143 1851 282 1951 imago
299 1847 600 1949 quodammodo
620 1846 751 1921 verbis
768 1847 1010 1948 depingitur.

221 1989 440 2112 Coaefiittc'tn
466 2014 587 2095 digitos
610 1999 767 2093 extemplo
789 2027 932 2075 arrectus
955 2029 1093 2099 uterquc,

145 2184 194 2246 et
213 2183 361 2254 cetera,
389 2189 491 2264 quae
513 2163 762 2241 nobisillam
786 2163 972 2263 pugilum
990 2188 1156 2265 congre·
1203 2250 1205 2255 ¹

146 2282 353 2361 dientium
367 2278 509 2354 faciem
526 2281 578 2352 ita
596 2277 824 2367 ostendunt,
847 2293 893 2352 ut
910 2304 995 2354 non
1012 2280 1156 2356 clarior
1202 2262 1205 2273 ¹

145 2396 289 2476 fututa
306 2395 430 2471 fuerit
445 2394 722 2498 spectantibus.
766 2396 992 2470 Plurimum
1010 2395 1055 2470 in'
1076 2396 1204 2477 hocta

146 2538 318 2617 genere,
347 2510 447 2586 sicut
467 2513 511 2584 in
536 2510 696 2598 ceteris,
723 2511 872 2585 eminet
890 2512 1041 2587 Cicero.
1079 2514 1157 2588 ,An

97 2634 108 2667 '
148 2631 368 2733 quisquam
386 2641 467 2702 tam
484 2626 664 2729 procula
681 2623 953 2724 concipiendis
973 2627 1158 2726 imagini·

219 2837 270 2897 62·
296 2837 391 2914 piane.
431 2836 478 2891 Sic
491 2833 596 2910 (lamp.
613 2851 680 2889 cum
695 2829 787 2887 Andr.
803 2830 876 2887 obr.
906 2813 1135 2906 Reliqui'plcne.

220 2923 305 2979 vaiet.
335 2922 383 2977 Sic
399 2920 500 2981 Turio,
519 2922 607 2994 (apr.
623 2919 725 2985 manu)
742 2914 820 2972 flor.
836 2916 938 2973 Ambt.
953 2937 979 2970 ι.
999 2934 1066 2969 cum
1079 2913 1158 2970 alm.

154 3005 279 3082 Reliqui
296 3007 381 3063 voict.
592 3069 595 3074 ι
1042 3030 1045 3035 -

223 3089 273 3160 65.
302 3111 373 3147 cam.
414 3086 515 3143 Turia.
540 3085 618 3141 Flor.
642 3082 739 3141 Guels.
762 3085 862 3158 Camp.
885 3102 918 3136 ec
941 3100 1008 3134 cum
1032 3078 1110 3138 Voss'.
1129 3091 1159 3138 ο.

153 3176 215 3235 aad
237 3176 328 3233 Goth.
350 3194 406 3229 eas.
566 3169 678 3247 [ccasio.
723 3164 1159 3240 Turic.1·'lor.Guelf.Catnp.

153 3260 257 3318 soccho
281 3279 349 3315 cum
374 3257 464 3314 Goth.
482 3254 560 3315 Voss.
579 3270 606 3310 2·
630 3271 660 3310 et
681 3252 746 3309 cdd.
764 3269 828 3307 ante
843 3249 916 3305 Ata:
951 3246 1091 3306 Nostrum
1116 3269 1160 3304 rc·

153 3345 260 3424 posuit
272 3344 399 3418 Regin„
423 3339 547 3416 egregie.
571 3339 607 3394 cs.
624 3350 652 3406 5,
671 3357 719 3403 to,
737 3355 786 3410 9⁰·
902 3355 1025 3410 quarum.
1059 3332 1159 3388 Turio.

152 3428 237 3488 flor.
261 3430 361 3503 camp.
381 3447 497 3503 quoram
521 3444 588 3479 cum
607 3419 692 3478 Bodl.
715 3420 776 3477 Bal.
793 3417 882 3476 Goth.
903 3418 980 3474 Voss.
998 3434 1026 3478 2.
1044 3435 1073 3474 ct
1094 3415 1160 3473 edd.
1186 3474 1190 3493 ‚

153 3530 224 3571 utto
248 3512 316 3573 Ald.
357 3510 531 3567 Referebant
554 3509 648 3583 igitur
672 3506 708 3561 td
732 3527 765 3560 aa
788 3519 936 3559 neutrum.

216 3595 334 3674 facicm·
369 3596 469 3651 Turia.
486 3595 688 3668 Campaniam
709 3609 775 3645 cum
790 3585 868 3644 Alm.
888 3585 966 3648 Voss.
981 3598 1009 3643 2.
1026 3581 1116 3641 Goth.
1133 3592 1164 3640 ot

156 3683 228 3745 odd.
251 3698 317 3737 autc
335 3679 449 3756 Gryph.
491 3677 577 3733 Solus
600 3675 696 3732 Gucls.
718 3675 832 3731 vccicm·

204 3849 255 3919 63·
271 3842 409 3920 Constitit.
431 3842 643 3922 Virgdencid.
686 3841 804 3906 ‚,Lootu
820 3836 971 3899 cictronts
987 3830 1027 3892 cst
1040 3832 1072 3890 in
1079 3822 1164 3895 Vm.

160 3946 192 4006 6.
216 3934 287 4004 42⁶·
686 3938 735 3994 ..5.
756 3938 806 3995 55.
841 3923 959 4003 Repetit
982 3938 1029 3983 ιι.
1047 3930 1076 3988 5,
1094 3922 1168 3996 90·'⁰

205 4018 257 4093 64.
297 4039 316 4072 a
342 4013 529 4089 concipiendis
558 4014 656 4086 ἕως.-
686 4011 836 4071 Gesnetut.

160 4104 230 4167 „Dc
239 4101 349 4179 quibui
359 4101 441 4178 sopit
456 4099 484 4164 6,
496 4114 523 4163 a.
534 4113 573 4172 29
584 4096 644 4173 sqq.
698 4184 702 4191 Ι

210 4206 291 4265 Tem.
315 4204 366 4260 111.
803 4200 832 4255 tt
