2602 4710
157 304 202 354 ιι
282 298 309 315 ·
392 282 449 357 Μ.
475 283 577 356 ιιι.
606 280 917 379 quintinum
967 284 972 337 1

157 498 304 574 cztnqne
318 471 510 567 voluntati
525 488 615 548 tuoe
635 497 709 548 nnn
725 475 923 571 paruerit:
952 487 994 545 ut
1011 475 1047 545 in
1069 471 1153 545 olio

40 618 79 637 ²·
160 592 287 666 onmia
294 580 492 697 subjectus
496 583 555 697 stt
561 616 577 681 ,·
600 614 674 663 non
692 603 857 686 propter
872 590 1083 685 optionem}
1110 602 1154 660 ut

158 718 323 804 propter
350 706 559 799 optionem,
600 728 674 777 non
697 717 861 800 propter
885 700 1002 775 talem
1031 705 1156 800 optio·

162 844 258 900 nem
304 820 442 890 llaec'
429 817 528 908 juris
550 808 826 913 quaestionum
846 809 1069 890 differentia
1088 812 1153 890 est.

115 935 209 1011 „ln
225 928 338 1006 factis
355 944 488 1005 autem
504 927 556 1004 ad
570 929 678 1005 idem
695 927 897 1005 tendentia
911 928 1003 1006 lunt
1019 929 1154 1030 plura.

43 1128 46 1135 .
162 1044 376 1147 exquibus
397 1045 529 1144 aliquo
552 1045 647 1120 citra
673 1040 866 1121 summam
885 1036 1157 1146 quaestionem

134 1161 315 1237 remitti
337 1156 482 1249 solent,
520 1174 585 1249 ut,
614 1157 714 1250 stis,
742 1185 835 1237 oum
855 1185 939 1261 quo
956 1157 1056 1235 furti
1078 1161 1160 1260 agi·

160 1289 249 1363 tur,
284 1273 406 1363 dicut,
438 1269 572 1350 Proba
601 1290 640 1350 te
663 1267 854 1386 habuiffie,
881 1271 1008 1374 proba
1026 1222 1160 1374 perdi-

164 1391 206 1464 di
241 1416 280 1478 e,
316 1384 444 1488 proha
476 1381 618 1508 surto
635 1382 867 1501 perdidiffe,
907 1386 1035 1488 proba
1072 1415 1161 1465 meu
1209 1464 1212 1469 .

155 1498 493 1612 fraudemini
526 1488 636 1579 enim
668 1504 816 1579 remitti
844 1501 1023 1606 poliunt.
1065 1489 1161 1580 ulti·

117 1643 278 1708 nemum
307 1641 392 1697 non
427 1616 565 1720 potest.
641 1617 823 1696 Solebam
850 1635 891 1694 et
924 1618 1005 1696 hoc
1032 1616 1160 1695 fucere

230 1879 301 1922 tuae.
338 1868 412 1928 Jcnl.
431 1870 488 1940 eins
504 1889 572 1927 oum
589 1867 652 1926 edd.
669 1884 734 1926 ente
745 1867 812 1924 Atat.
831 1871 1001 1945 exoctmp.
1025 1871 1163 1927 Comexit

166 1946 294 2027 Regino,
314 1951 361 2018 sed
375 1954 433 2026 jem
454 1956 537 2027 Mss.
660 1955 800 2026 paruerit:
822 1967 861 2007 ιιι.
898 1955 945 2008 stc
954 1952 1052 2007 Turio.
1063 1952 1161 2009 Guelf.

86 2096 90 2103 ,
119 2076 124 2081 -
166 2028 267 2109 Camp.
304 2034 426 2112 Reliqui
446 2038 574 2093 inierunt
594 2048 631 2091 et·
764 2054 821 2089 non
841 2049 1013 2110 proptee—
1027 2035 1076 2088 tal.
1100 2048 1160 2107 opt.

122 2152 126 2157 -
167 2114 215 2173 δίο
229 2117 302 2175 otu.
318 2118 371 2174 uili
386 2118 467 2194 quod
484 2120 584 2174 inierit
599 2131 628 2173 et
643 2133 708 2172 ente
725 2129 756 2172 ut
770 2131 894 2192 propter,
916 2119 996 2193 quod
1013 2135 1067 2191 ego
1083 2116 1160 2172 solue

166 2201 259 2258 omili.
299 2201 450 2258 voeabula
467 2205 608 2276 optionem
621 2214 650 2256 et
665 2214 696 2256 ut
710 2214 826 2276 propter
842 2204 925 2258 MSS.
941 2203 1002 2256 mei
1020 2200 1163 2256 omittunt

167 2288 271 2341 omtiet
286 2301 353 2337 oum
374 2284 438 2341 edd.
456 2303 520 2341 tute
535 2284 648 2362 Gryph.
686 2288 788 2340 Sonent
801 2302 896 2341 temen
909 2286 1076 2361 [cripturam
1092 2303 1163 2359 pro·

167 2365 267 2446 posuit
283 2366 353 2420 Bed.
372 2369 478 2444 partim
493 2369 623 2443 quidem,
645 2384 679 2425 ut
693 2370 743 2433 eit,
764 2388 780 2424 e
797 2368 869 2430 Cod.
884 2369 1079 2425 Laurentiano
1097 2369 1117 2424 i.
1136 2390 1162 2425 o.

168 2448 246 2525 Vella
267 2448 345 2508 ,Neo
366 2453 469 2508 attinet
484 2470 615 2509 veterum
631 2452 694 2509 edd.
715 2452 837 2527 lingulae
854 2454 1048 2509 ebenutiones
1064 2471 1164 2508 recen·

169 2535 239 2591 lere.
276 2531 386 2591 omne·
410 2552 563 2594 timenter
583 2540 756 2613 opinionem,
780 2556 912 2612 proquo
930 2534 1072 2592 Obrechti
1094 2556 1164 2592 con·

168 2617 309 2692 iacturum
322 2621 435 2695 recepi,
458 2619 632 2678 arridentem
646 2638 676 2678 et
690 2622 824 2676 Gesnero.
864 2621 948 2678 Colb.
967 2620 1038 2676 cod.
1056 2619 1088 2674 in
1103 2623 1164 2676 De-

158 2701 255 2775 ¹elain.
273 2709 300 2770 4.
316 2721 371 2781 pro
387 2708 531 2781 optionum
546 2705 594 2762 det
608 2709 771 2783 opinionum
784 2726 813 2783 p.
830 2707 931 2761 Burni.
950 2713 999 2774 38.
1022 2703 1057 2760 cl.
1074 2709 1099 2778 i.
1114 2715 1164 2772 55.

171 2799 202 2854 7·
231 2800 260 2853 7»
291 2787 318 2843 6.
490 2787 686 2865 quaestionum.
736 2790 836 2845 Ttuio.
862 2788 957 2844 Gueif.
988 2784 1164 2863 quaestionis.

170 2870 273 2945 Cump.
289 2886 318 2926 et
333 2866 507 2949 quaestionis.
543 2877 606 2939 An,
627 2894 682 2952 pro
694 2875 767 2947 lueis
782 2867 979 2951 quaestionum,
1002 2872 1165 2946 antiquitus

170 2953 228 3010 luit
247 2957 318 3012 inter
339 2952 534 3034 quaestiones?

233 3103 282 3147 uu.
313 3092 463 3149 tendentia.
506 3092 605 3149 Turio.
624 3093 721 3152 Gueli.
743 3097 842 3171 camp.
865 3093 991 3156 tenenda.
1037 3089 1093 3146 Sed
1107 3086 1166 3164 lille

172 3189 202 3231 et
217 3195 233 3231 a
248 3194 293 3249 pr.
307 3195 394 3231 manu
412 3189 444 3232 at
457 3178 547 3233 modo
563 3197 618 3253 pro
636 3179 682 3236 ad.
841 3176 916 3251 furti
931 3181 1033 3250 agitur.
1064 3173 1165 3229 Turio.

167 3256 260 3334 furtin
275 3260 369 3333 igitur,
391 3279 406 3313 ι
420 3261 472 3317 leo.
488 3281 576 3317 manu
589 3259 664 3337 furti
679 3263 812 3335 arguitur,
831 3278 860 3317 et
874 3264 911 3316 sto
926 3259 1023 3318 Gueli.
1039 3255 1067 3330 f.
1084 3276 1167 3330 agere

173 3343 262 3397 Turv.
282 3338 350 3398 ΛΜ.
379 3358 413 3399 ut
433 3361 462 3401 et
480 3347 553 3407 Jeni
579 3348 652 3416 (tao.
669 3345 773 3414 Geta.)
792 3346 854 3402 Ltc.
872 3348 947 3403 Veu.
985 3341 1178 3414 compendia*

173 3423 359 3500 interpretor.
377 3446 381 3453 ·
495 3431 586 3505 proba
599 3457 640 3474 -
654 3428 743 3505 prolia
758 3460 800 3472 --
814 3430 912 3507 proba.
955 3426 1055 3482 Tunc.
1076 3445 1097 3481 ι,
1112 3425 1167 3481 lec.

173 3528 263 3566 moun
285 3509 406 3584 probata
428 3527 488 3577 tet,
518 3516 571 3589 qui
594 3531 623 3571 et
642 3512 732 3569 modo
754 3532 769 3567 ι
792 3515 843 3570 loo.
864 3533 953 3568 manu
969 3508 1091 3585 probata
1111 3528 1167 3583 pro

174 3592 265 3669 proba
285 3608 328 3659 te,
351 3595 432 3670 quod
448 3599 624 3670 conjunctim
640 3618 684 3673 pr.
700 3617 811 3655 minus.
847 3600 947 3671 Camp.
966 3607 992 3648 te
1007 3592 1105 3648 inierit
1121 3591 1168 3649 bit

175 3693 240 3733 unte
263 3679 340 3752 perd.
363 3696 393 3735 et
408 3678 499 3755 fanto.
542 3681 599 3740 Ter
620 3684 700 3738 idem
720 3685 793 3743 Jeui.
815 3696 883 3738 cum
904 3680 968 3735 edd.
987 3691 1051 3732 anto
1073 3680 1168 3733 Stoer.

175 3762 257 3836 quod
277 3780 339 3819 nou
361 3763 484 3821 debebat
497 3766 635 3823 reducere
655 3767 727 3824 Obr.
751 3765 846 3824 Semel
861 3772 925 3820 n'ute
943 3785 1001 3837 pen
981 3763 1021 3816 nl
1038 3760 1170 3816 inserunt

176 3844 272 3903 eneti.
284 3846 381 3904 Goth.
402 3848 474 3918 (teo.
499 3851 605 3924 Gelu.)
724 3843 1020 3927 ultimum-potest.
1066 3846 1167 3903 Turio.

175 3930 273 3987 Gueli.
291 3926 390 4008 camp.
408 3934 506 3988 ultima
522 3934 582 4005 (led
598 3935 655 3992 hoe
669 3938 767 3996 Turio.
783 3957 800 3990 ι
815 3936 866 3990 [ec.
883 3936 986 4006 mutu)
971 3936 1041 4006 )-
1056 3926 1169 4003 poffunt

175 4033 242 4072 oum
270 4015 346 4072 Altn.
373 4034 417 4074 et
430 4020 494 4075 edd.
517 4036 581 4075 ente
608 4021 675 4077 niel.
699 4023 808 4099 Regius
838 4016 1006 4076 nostrum
997 4035 1030 4071 ιιι
1054 4014 1170 4089 aliquot

173 4099 310 4178 exempli.
331 4102 359 4159 io
378 4104 520 4162 ittveuiiie
541 4104 664 4163 testetur.
