2602 4710
356 303 491 393 tusa..
514 304 722 376 oaaaou.
756 307 848 377 tna.
884 311 989 399 vnt,
1016 334 1049 399 5.
1113 336 1201 410 ,περ

199 489 256 566 est
269 489 411 571 senno.
471 492 673 598 Quaedam
690 509 820 589 tamen
837 497 968 574 adhuc
982 516 1112 575 vetera
1131 529 1197 577 ve·
1211 526 1249 583 27

197 606 339 683 instate
369 607 452 707 ipsa
482 611 631 707 gratius
669 613 827 702 nitent.
860 615 1051 712 quaedam
1082 610 1200 692 etiam
1256 632 1258 636 ’

193 720 408 799 necellasio
432 725 595 798 interim
616 723 853 818 sumuntur,
878 757 1120 827 natucupare,
1161 750 1200 808 et
1230 775 1235 781 ·

123 832 308 944 sanserit
343 840 470 912 multa
494 840 567 912 alia
592 842 708 915 etiam
732 842 944 921 audentius
967 844 1199 945 inseripos·

190 950 285 1029 funt
294 980 307 1043 ;
337 952 472 1027 sedita
491 953 676 1045 demum,
704 955 833 1034 finon
849 975 1032 1060 appareat
1045 956 1198 1036 affecta-

189 1071 272 1146 tio:
301 1071 353 1146 in·
376 1095 497 1168 quam
519 1068 688 1146 mirifice
704 1075 907 1174 Virgilius,
1021 1102 1024 1107 ·
1116 1101 1118 1105 ⁴
1159 1136 1165 1147 .

196 1299 281 1370 cujus
298 1298 447 1377 quemodo
473 1315 522 1354 aut
543 1290 699 1357 immemor
721 1303 792 1381 elle,
815 1320 873 1367 aut¹
888 1305 1088 1360 auctoritatem
1113 1305 1195 1361 deiu-

196 1402 263 1457 gers
283 1383 413 1458 potuerit
437 1383 548 1448 noster,
579 1386 688 1440 mirum
712 1387 774 1441 lune
797 1388 894 1442 videti
915 1389 1008 1444 debet.
1051 1392 1097 1443 Au
1118 1389 1194 1446 forte
1256 1417 1259 1423 >

194 1467 276 1542 quod
303 1467 391 1524 Craffi
427 1484 557 1541 tempore
590 1468 785 1534 tolerabatur,
824 1471 1001 1545 Quintiliani
1038 1473 1194 1528 exolevisse

188 1549 276 1627 plane
290 1547 447 1606 dicemus?
468 1552 545 1611 Vide
567 1569 594 1607 et
614 1576 647 1616 1,
671 1555 705 1618 6,
730 1565 785 1622 uo..

255 1681 305 1734 27.
335 1670 419 1721 etiam
434 1687 491 1721 uec.
524 1668 624 1723 Turis.
643 1666 844 1743 Flor.·Camp.
864 1668 956 1746 effen.
973 1692 1040 1726 curn
1057 1669 1147 1725 Goth.
1162 1686 1191 1727 2.

187 1750 265 1810 Jenl.
281 1765 310 1804 et
332 1751 396 1803 edd.
418 1766 483 1804 unse
497 1749 563 1805 Ald.
588 1770 647 1804 exc.
664 1753 761 1814 Tsrv..
912 1754 1068 1830 suutuutur,
1091 1762 1216 1808 nuncu-⁸

187 1848 268 1908 pars.
311 1833 411 1889 Turia.
443 1833 521 1888 Flos.
552 1833 652 1888 Ambr.
683 1856 708 1886 1·
743 1835 839 1890 Guelf.
870 1835 895 1909 s.
926 1858 1097 1912 enuncupare
1124 1857 1192 1894 cum

191 1917 281 1972 Goth.
302 1939 327 1971 1.
346 1934 373 1972 2.
395 1917 480 1973 Bodl.
500 1934 529 1970 et
543 1916 606 1970 edd.¹
622 1931 686 1969 ante
703 1914 767 1968 Ald.
788 1937 848 1973 exc.
865 1920 964 1993 Camp.
985 1922 1036 1993 qui
1051 1921 1190 1984 nostrum,

190 2000 273 2076 qtsod
286 2001 371 2056 Leid.
387 1999 505 2063 intulit,
522 2019 587 2054 cum
603 2001 775 2071 emancipare
789 2001 918 2073 priores,
937 2004 1030 2075 Regio
1049 2003 1191 2060 suadente.

187 2085 237 2141 Ad
254 2106 349 2139 cnunc.
366 2084 456 2139 rediit
471 2084 544 2139 Obr.
575 2083 642 2137 Hoc
657 2081 805 2156 improbat
821 2094 897 2137 resse
912 2087 1012 2139 Bunn.
1031 2083 1127 2138 testem
1142 2085 1191 2139 ad·

187 2168 295 2225 bibens
311 2170 372 2224 cic.
390 2168 409 2224 l.
426 2169 516 2222 modo
528 2187 563 2222 ὀ.
587 2184 616 2221 et
637 2166 789 2233 ostendens
813 2186 873 2221 non
893 2168 1017 2242 potuilse
1039 2167 1192 2247 defiderari

188 2255 262 2308 lues
275 2254 366 2307 verbs
391 2254 423 2305 in
450 2251 621 2306 testamentis
647 2251 727 2305 etin
749 2253 830 2305 votis
852 2251 907 2315 iis,
940 2272 1011 2326 quae
1032 2271 1106 2306 voce
1130 2256 1198 2306 non

190 2339 297 2412 scripto
315 2336 424 2413 luerint
439 2352 585 2410 concepta.
630 2336 711 2389 Idem
727 2337 759 2389 in
775 2335 866 2390 altero
882 2337 974 2391 verbo
991 2336 1103 2391 accedit
1115 2334 1190 2393 Obr.

189 2437 290 2476 contra
308 2417 400 2475 libros
414 2420 548 2474 scribenti
571 2418 666 2492 effari,
690 2420 773 2489 cujus
789 2422 821 2474 sit
840 2421 906 2476 usus
930 2421 963 2474 iu
985 2420 1134 2494 auguriis,
1156 2436 1192 2476 ut
1281 2419 1283 2427 ’

187 2521 314 2581 pasease
331 2505 392 2560 Cic.
409 2504 444 2557 ad
457 2504 514 2557 Att.
536 2517 589 2569 13,
614 2513 661 2569 42.
685 2506 765 2560 Serv,
783 2503 817 2558 ad
833 2507 904 2561 Aen.
919 2520 955 2574 3,
974 2488 1043 2573 dbss.
1066 2504 1100 2568 6,
1121 2519 1190 2578 197.

188 2590 282 2646 Addit
299 2590 439 2643 Gesnerus
463 2588 524 2643 cic.
546 2582 592 2643 De
615 2590 706 2661 Legg.
732 2601 764 2647 α,
789 2598 816 2655 8.
839 2589 908 2644 vide
931 2605 959 2644 et
975 2589 1092 2644 Lexica.
1135 2587 1191 2643 Sed

188 2694 252 2730 tion
270 2672 392 2727 debebat
408 2672 493 2732 leni,
516 2673 595 2746 quod
611 2691 664 2745 per
684 2664 825 2724 ἇσῦνδετον
841 2673 1035 2743 subjiciuntur
1057 2673 1107 2725 illa
1123 2691 1188 2727 ver·
1272 2700 1274 2705 ¹

189 2758 298 2814 borum
315 2755 455 2830 exempla.
500 2756 636 2829 Suspicor
657 2770 756 2808 natum
780 2776 951 2830 enuucupars
980 2773 1016 2809 ex
1039 2768 1066 2809 et
1088 2776 1188 2808 nuncu·

191 2839 453 2916 pare,quodmale
470 2839 712 2914 lueritlcriptuut
725 2856 779 2912 pro
801 2834 1189 2910 aen0M0xinfarifacile
1222 2879 1227 2886 ⁴
1256 2878 1260 2885 .

192 2926 257 3000 poli
279 2938 306 2979 et
324 2924 475 2979 excidebat
496 2921 534 2998 ⁰i·
694 2919 773 2994 jari.-
790 2924 885 2978 multa.
918 2923 966 2978 Sic
987 2921 1087 2976 Turis.
1109 2920 1188 2976 Flor.

195 3007 289 3067 Guelf.
311 3027 379 3064 cum
394 3007 482 3064 Goth.
503 3029 529 3062 ι.
544 3021 571 3060 2.
593 3004 673 3065 Vols.
690 3021 718 3061 2.
735 3005 845 3079 aliique
861 3022 889 3061 et
904 3005 985 3060 editi.
1007 3002 1127 3077 Reliqui
1143 3003 1190 3057 in·

190 3095 288 3149 ferunt
318 3106 354 3148 et.
518 3092 673 3149 audentius.
717 3090 765 3144 Sic
786 3090 894 3144 Badius
923 3088 1075 3163 inpriore
1107 3085 1150 3140 ed.
1174 3107 1189 3141 ο
1281 3125 1285 3132 -

191 3178 368 3251 conjectura.
399 3175 519 3250 Reliqui
541 3173 724 3236 audientibus,
750 3173 798 3227 cui
822 3171 971 3228 fulciendo
993 3169 1060 3226 Ald.
1076 3170 1190 3225 addidit

190 3274 291 3337 grata,
316 3261 396 3334 quod
411 3261 450 3313 est
464 3261 493 3314 in
510 3258 647 3312 omuibus
664 3256 728 3332 poss
744 3277 830 3321 eum,
853 3277 948 3332 neque
966 3273 1062 3311 samen
1078 3256 1110 3310 in
1126 3252 1189 3309 ullo

191 3362 290 3400 vetere
306 3364 401 3418 neque
426 3344 532 3418 scripto
554 3360 647 3415 neque
670 3341 783 3396 excuso.
958 3360 1050 3416 quam.
1089 3339 1190 3395 Turis.
1246 3407 1251 3417 ·

191 3451 248 3506 qua
272 3446 301 3484 et
321 3430 358 3482 lic
382 3427 448 3482 ald.
474 3445 566 3500 eoque
588 3424 761 3501 posteriores
785 3439 849 3478 ante
873 3423 953 3485 Obr.

155 3528 161 3535 '
259 3512 404 3584 Virgilius.
448 3511 548 3567 Tusic.
577 3508 648 3563 huic
672 3508 788 3563 nomini
818 3507 935 3579 subjicit
956 3521 984 3563 et
1011 3507 1079 3580 (led
1103 3524 1116 3560 a
1138 3506 1190 3563 sec.

192 3599 303 3666 manu)
326 3611 354 3650 et
369 3598 406 3648 fic
422 3595 521 3670 Camp.
537 3591 626 3649 Goth.
648 3612 716 3650 eum
739 3591 802 3649 edd.
825 3608 890 3649 ante
908 3592 994 3651 Laid.
1014 3594 1107 3669 (quse
1130 3591 1192 3663 ejus

192 3679 261 3738 loco
278 3675 339 3754 est)
360 3697 421 3734 exe.
441 3677 528 3735 Aldo.

240 3878 290 3935 27.
318 3863 480 3938 statuuntur,
510 3884 676 3940 nuncupata.
718 3862 820 3919 Tacito
828 3901 843 3939 .Ι
867 3877 896 3920 et
916 3862 1046 3938 ejsudem
1071 3859 1195 3934 originis

196 3950 233 4006 ci.
256 3963 317 4003 not.
346 3948 409 4003 crit.
642 4000 663 4029 ¹,
719 3942 858 4031 nomina}
868 3951 1032 4007 audentior,
1064 3947 1196 4017 audentia

243 4037 328 4088 etiam
356 4031 509 4086 atsdeatius.
566 4030 678 4086 Adves·
721 4033 982 4107 nstuvpsca'nostm,
1003 4031 1122 4093 Tacito,
1140 4027 1197 4081 Pli·
1278 4070 1282 4075 .

199 4119 284 4176 bium
310 4116 440 4170 audenter
463 4117 528 4172 istis
544 4115 699 4191 frequens.
720 4116 773 4172 uio
786 4116 906 4174 minori.

1164 4321 1173 4354 1
1244 4334 1247 4342 .
