<?xml version="1.0" encoding="UTF-8"?>
<!DOCTYPE html PUBLIC "-//W3C//DTD XHTML 1.0 Transitional//EN"
    "http://www.w3.org/TR/xhtml1/DTD/xhtml1-transitional.dtd">
<html xmlns="http://www.w3.org/1999/xhtml" xml:lang="en" lang="en">
 <head>
  <title>
</title>
<meta http-equiv="Content-Type" content="text/html;charset=utf-8" />
  <meta name='ocr-system' content='tesseract 3.04.00' />
  <meta name='ocr-capabilities' content='ocr_page ocr_carea ocr_par ocr_line ocrx_word'/>
</head>
<body>
  <div class='ocr_page' id='page_1' title='image "./deinstitutioneo06quingoog_0365.png"; bbox 0 0 2602 4710; ppageno 0'>
   <div class='ocr_carea' id='block_1_1' title="bbox 678 125 686 157">
    <p class='ocr_par' dir='ltr' id='par_1_1' title="bbox 678 125 686 157">
     <span class='ocr_line' id='line_1_1' title="bbox 678 125 686 157; baseline 0 0"><span class='ocrx_word' id='word_1_1' title='bbox 678 125 686 157; x_wconf 71' lang='grc' dir='ltr'>ί</span> 
     </span>
    </p>
   </div>
   <div class='ocr_carea' id='block_1_2' title="bbox 189 289 970 424">
    <p class='ocr_par' dir='ltr' id='par_1_2' title="bbox 189 289 970 424">
     <span class='ocr_line' id='line_1_2' title="bbox 189 289 970 424; baseline -0.012 -23"><span class='ocrx_word' id='word_1_2' title='bbox 189 335 263 424; x_wconf 71' lang='lat'><strong>55⁶</strong></span> <span class='ocrx_word' id='word_1_3' title='bbox 323 374 331 389; x_wconf 34' lang='grc' dir='ltr'><strong>ι</strong></span> <span class='ocrx_word' id='word_1_4' title='bbox 416 324 486 401; x_wconf 73' lang='lat' dir='ltr'><strong>ut-</strong></span> <span class='ocrx_word' id='word_1_5' title='bbox 510 324 614 399; x_wconf 79' lang='lat' dir='ltr'><strong>mn</strong></span> <span class='ocrx_word' id='word_1_6' title='bbox 651 289 970 420; x_wconf 64' lang='lat' dir='ltr'><strong>Qumrnrtut&#39;</strong></span> 
     </span>
    </p>
   </div>
   <div class='ocr_carea' id='block_1_3' title="bbox 35 507 1200 1307">
    <p class='ocr_par' dir='ltr' id='par_1_3' title="bbox 35 507 1200 1307">
     <span class='ocr_line' id='line_1_3' title="bbox 192 507 1194 616; baseline -0.013 -16"><span class='ocrx_word' id='word_1_7' title='bbox 192 522 271 615; x_wconf 83' lang='lat' dir='ltr'><strong>Sed</strong></span> <span class='ocrx_word' id='word_1_8' title='bbox 288 520 412 615; x_wconf 83' lang='lat' dir='ltr'><strong>hujus</strong></span> <span class='ocrx_word' id='word_1_9' title='bbox 427 540 591 616; x_wconf 87' lang='lat' dir='ltr'><strong>quoque</strong></span> <span class='ocrx_word' id='word_1_10' title='bbox 603 514 661 589; x_wconf 87' lang='lat' dir='ltr'><strong>rei</strong></span> <span class='ocrx_word' id='word_1_11' title='bbox 677 510 858 589; x_wconf 83' lang='lat' dir='ltr'><strong>servetur</strong></span> <span class='ocrx_word' id='word_1_12' title='bbox 873 507 1058 586; x_wconf 83' lang='lat' dir='ltr'><strong>mensure</strong></span> <span class='ocrx_word' id='word_1_13' title='bbox 1071 533 1194 608; x_wconf 85' lang='lat' dir='ltr'><strong>quae·</strong></span> 
     </span>
     <span class='ocr_line' id='line_1_4' title="bbox 195 623 1195 739; baseline -0.013 -24"><span class='ocrx_word' id='word_1_14' title='bbox 195 638 297 716; x_wconf 82' lang='lat' dir='ltr'><strong>dam.</strong></span> <span class='ocrx_word' id='word_1_15' title='bbox 366 634 558 739; x_wconf 83' lang='lat' dir='ltr'><strong>Quamvis</strong></span> <span class='ocrx_word' id='word_1_16' title='bbox 595 628 650 703; x_wconf 81' lang='lat' dir='ltr'><strong>cll</strong></span> <span class='ocrx_word' id='word_1_17' title='bbox 678 630 788 704; x_wconf 87' lang='lat' dir='ltr'><strong>enim</strong></span> <span class='ocrx_word' id='word_1_18' title='bbox 823 629 954 702; x_wconf 81' lang='lat' dir='ltr'><strong>omnis</strong></span> <span class='ocrx_word' id='word_1_19' title='bbox 983 623 1195 726; x_wconf 68' lang='lat' dir='ltr'><strong>hyperbole</strong></span> 
     </span>
     <span class='ocr_line' id='line_1_5' title="bbox 193 739 1196 832; baseline -0.014 0"><span class='ocrx_word' id='word_1_20' title='bbox 193 756 298 832; x_wconf 87' lang='lat' dir='ltr'><strong>ultra</strong></span> <span class='ocrx_word' id='word_1_21' title='bbox 318 748 459 826; x_wconf 86' lang='lat' dir='ltr'><strong>fidem:</strong></span> <span class='ocrx_word' id='word_1_22' title='bbox 498 761 728 822; x_wconf 83' lang='lat' dir='ltr'><strong>nontamen</strong></span> <span class='ocrx_word' id='word_1_23' title='bbox 749 739 823 816; x_wconf 87' lang='lat' dir='ltr'><strong>elle</strong></span> <span class='ocrx_word' id='word_1_24' title='bbox 844 742 963 817; x_wconf 86' lang='lat' dir='ltr'><strong>debet</strong></span> <span class='ocrx_word' id='word_1_25' title='bbox 981 743 1089 817; x_wconf 87' lang='lat' dir='ltr'><strong>ultra</strong></span> <span class='ocrx_word' id='word_1_26' title='bbox 1106 769 1196 819; x_wconf 90' lang='lat' dir='ltr'><strong>mo·</strong></span> 
     </span>
     <span class='ocr_line' id='line_1_6' title="bbox 195 848 1193 961; baseline -0.013 -15"><span class='ocrx_word' id='word_1_27' title='bbox 195 867 314 945; x_wconf 88' lang='lat' dir='ltr'><strong>dum:</strong></span> <span class='ocrx_word' id='word_1_28' title='bbox 350 886 424 940; x_wconf 91' lang='lat' dir='ltr'><strong>nec</strong></span> <span class='ocrx_word' id='word_1_29' title='bbox 454 863 529 937; x_wconf 83' lang='lat' dir='ltr'><strong>alia</strong></span> <span class='ocrx_word' id='word_1_30' title='bbox 565 848 628 937; x_wconf 72' lang='lat' dir='ltr'><strong>riu</strong></span> <span class='ocrx_word' id='word_1_31' title='bbox 653 860 776 961; x_wconf 84' lang='lat' dir='ltr'><strong>magis</strong></span> <span class='ocrx_word' id='word_1_32' title='bbox 794 859 838 937; x_wconf 89' lang='lat' dir='ltr'><strong>in</strong></span> <span class='ocrx_word' id='word_1_33' title='bbox 866 861 1070 955; x_wconf 64' lang='grc' dir='ltr'><strong><em>κακοζηλὶαν</em></strong></span> <span class='ocrx_word' id='word_1_34' title='bbox 1095 859 1193 934; x_wconf 84' lang='lat' dir='ltr'><strong>itur.</strong></span> 
     </span>
     <span class='ocr_line' id='line_1_7' title="bbox 35 972 1197 1085; baseline -0.014 -18"><span class='ocrx_word' id='word_1_35' title='bbox 35 1001 38 1005; x_wconf 83' lang='lat'>&#39;</span> <span class='ocrx_word' id='word_1_36' title='bbox 147 985 308 1085; x_wconf 80' lang='lat' dir='ltr'><strong>74Piget</strong></span> <span class='ocrx_word' id='word_1_37' title='bbox 339 975 690 1079; x_wconf 47' lang='lat' dir='ltr'><strong>referresplurima</strong></span> <span class='ocrx_word' id='word_1_38' title='bbox 712 972 819 1050; x_wconf 85' lang='lat' dir='ltr'><strong>hinc&#39;</strong></span> <span class='ocrx_word' id='word_1_39' title='bbox 841 988 927 1055; x_wconf 82' lang='lat' dir='ltr'><strong>ortu</strong></span> <span class='ocrx_word' id='word_1_40' title='bbox 944 974 1063 1062; x_wconf 84' lang='lat' dir='ltr'><strong>vitia,</strong></span> <span class='ocrx_word' id='word_1_41' title='bbox 1100 999 1197 1052; x_wconf 86' lang='lat' dir='ltr'><strong>cunr</strong></span> 
     </span>
     <span class='ocr_line' id='line_1_8' title="bbox 193 1086 1197 1203; baseline -0.012 -26"><span class='ocrx_word' id='word_1_42' title='bbox 193 1095 422 1203; x_wconf 75' lang='lat' dir='ltr'><strong>pracsertim</strong></span> <span class='ocrx_word' id='word_1_43' title='bbox 460 1095 629 1167; x_wconf 88' lang='lat' dir='ltr'><strong>minime</strong></span> <span class='ocrx_word' id='word_1_44' title='bbox 642 1089 743 1165; x_wconf 62' lang='lat' dir='ltr'><strong>⁴¹lint</strong></span> <span class='ocrx_word' id='word_1_45' title='bbox 778 1091 914 1192; x_wconf 83' lang='lat' dir='ltr'><strong>ignota</strong></span> <span class='ocrx_word' id='word_1_46' title='bbox 943 1104 984 1164; x_wconf 89' lang='lat' dir='ltr'><strong>et</strong></span> <span class='ocrx_word' id='word_1_47' title='bbox 1017 1086 1197 1166; x_wconf 78' lang='lat' dir='ltr'><strong>obscura.</strong></span> 
     </span>
     <span class='ocr_line' id='line_1_9' title="bbox 192 1200 1200 1307; baseline -0.014 -13"><span class='ocrx_word' id='word_1_48' title='bbox 192 1217 366 1299; x_wconf 87' lang='lat' dir='ltr'><strong>Monere</strong></span> <span class='ocrx_word' id='word_1_49' title='bbox 397 1204 486 1285; x_wconf 81' lang='lat' dir='ltr'><strong>latis</strong></span> <span class='ocrx_word' id='word_1_50' title='bbox 519 1205 594 1297; x_wconf 82' lang='lat' dir='ltr'><strong>est,</strong></span> <span class='ocrx_word' id='word_1_51' title='bbox 638 1206 801 1282; x_wconf 82' lang='lat' dir='ltr'><strong>mentiri</strong></span> <span class='ocrx_word' id='word_1_52' title='bbox 829 1200 1098 1307; x_wconf 76' lang='lat' dir='ltr'><strong>hyperbolen,</strong></span> <span class='ocrx_word' id='word_1_53' title='bbox 1121 1217 1200 1297; x_wconf 75' lang='lat' dir='ltr'><strong>nec</strong></span> 
     </span>
    </p>
   </div>
   <div class='ocr_carea' id='block_1_4' title="bbox 141 1433 1297 4042">
    <p class='ocr_par' dir='ltr' id='par_1_4' title="bbox 196 1433 1198 1765">
     <span class='ocr_line' id='line_1_10' title="bbox 196 1433 1198 1516; baseline -0.01 -16"><span class='ocrx_word' id='word_1_54' title='bbox 196 1441 300 1503; x_wconf 77' lang='lat' dir='ltr'><strong>Tullio</strong></span> <span class='ocrx_word' id='word_1_55' title='bbox 322 1442 422 1516; x_wconf 73' lang='lat' dir='ltr'><strong>potius</strong></span> <span class='ocrx_word' id='word_1_56' title='bbox 446 1457 513 1492; x_wconf 90' lang='lat' dir='ltr'><strong>cum</strong></span> <span class='ocrx_word' id='word_1_57' title='bbox 536 1436 570 1494; x_wconf 85' lang='lat' dir='ltr'><strong>G.</strong></span> <span class='ocrx_word' id='word_1_58' title='bbox 587 1438 610 1491; x_wconf 89' lang='lat'><strong>1.</strong></span> <span class='ocrx_word' id='word_1_59' title='bbox 630 1434 731 1494; x_wconf 84' lang='lat' dir='ltr'><strong>V-ollio</strong></span> <span class='ocrx_word' id='word_1_60' title='bbox 753 1456 839 1510; x_wconf 77' lang='lat' dir='ltr'><strong>quent</strong></span> <span class='ocrx_word' id='word_1_61' title='bbox 860 1436 914 1511; x_wconf 79' lang='lat' dir='ltr'><strong>ipfi</strong></span> <span class='ocrx_word' id='word_1_62' title='bbox 928 1455 994 1492; x_wconf 89' lang='lat' dir='ltr'><strong>curn</strong></span> <span class='ocrx_word' id='word_1_63' title='bbox 1009 1433 1198 1507; x_wconf 73' lang='lat' dir='ltr'><strong>Quintilium</strong></span> 
     </span>
     <span class='ocr_line' id='line_1_11' title="bbox 199 1518 1196 1597; baseline -0.015 -11"><span class='ocrx_word' id='word_1_64' title='bbox 199 1528 375 1589; x_wconf 70' lang='lat' dir='ltr'><strong>tribuimur,</strong></span> <span class='ocrx_word' id='word_1_65' title='bbox 401 1522 539 1579; x_wconf 78' lang='lat' dir='ltr'><strong>idoneam</strong></span> <span class='ocrx_word' id='word_1_66' title='bbox 559 1520 670 1576; x_wconf 76' lang='lat' dir='ltr'><strong>ceulam</strong></span> <span class='ocrx_word' id='word_1_67' title='bbox 684 1520 775 1577; x_wconf 79' lang='lat' dir='ltr'><strong>video</strong></span> <span class='ocrx_word' id='word_1_68' title='bbox 792 1520 923 1586; x_wconf 77' lang='lat' dir='ltr'><strong>nullem3</strong></span> <span class='ocrx_word' id='word_1_69' title='bbox 944 1537 1106 1597; x_wconf 75' lang='lat' dir='ltr'><strong>quenquam</strong></span> <span class='ocrx_word' id='word_1_70' title='bbox 1122 1518 1196 1573; x_wconf 89' lang='lat' dir='ltr'><strong>Tol·</strong></span> 
     </span>
     <span class='ocr_line' id='line_1_12' title="bbox 198 1605 1194 1681; baseline -0.012 -13"><span class='ocrx_word' id='word_1_71' title='bbox 198 1612 259 1669; x_wconf 82' lang='lat' dir='ltr'><strong>liut</strong></span> <span class='ocrx_word' id='word_1_72' title='bbox 288 1631 325 1664; x_wconf 89' lang='lat' dir='ltr'><strong>ne</strong></span> <span class='ocrx_word' id='word_1_73' title='bbox 356 1606 517 1664; x_wconf 77' lang='lat' dir='ltr'><strong>dubitantis</strong></span> <span class='ocrx_word' id='word_1_74' title='bbox 548 1605 669 1679; x_wconf 85' lang='lat' dir='ltr'><strong>quidem</strong></span> <span class='ocrx_word' id='word_1_75' title='bbox 696 1605 820 1681; x_wconf 77' lang='lat' dir='ltr'><strong>speciem</strong></span> <span class='ocrx_word' id='word_1_76' title='bbox 850 1605 940 1662; x_wconf 83' lang='lat' dir='ltr'><strong>habet</strong></span> <span class='ocrx_word' id='word_1_77' title='bbox 961 1620 989 1661; x_wconf 89' lang='lat' dir='ltr'><strong>et</strong></span> <span class='ocrx_word' id='word_1_78' title='bbox 1008 1606 1194 1659; x_wconf 72' lang='lat' dir='ltr'><strong>Burmannus</strong></span> 
     </span>
     <span class='ocr_line' id='line_1_13' title="bbox 200 1678 1196 1765; baseline -0.015 -11"><span class='ocrx_word' id='word_1_79' title='bbox 200 1694 341 1754; x_wconf 69' lang='lat' dir='ltr'><strong>secundun</strong></span> <span class='ocrx_word' id='word_1_80' title='bbox 364 1693 397 1748; x_wconf 90' lang='lat' dir='ltr'><strong>in</strong></span> <span class='ocrx_word' id='word_1_81' title='bbox 419 1688 508 1746; x_wconf 89' lang='lat' dir='ltr'><strong>titulo</strong></span> <span class='ocrx_word' id='word_1_82' title='bbox 531 1689 589 1744; x_wconf 89' lang='lat' dir='ltr'><strong>hoc</strong></span> <span class='ocrx_word' id='word_1_83' title='bbox 612 1706 731 1762; x_wconf 86' lang='lat' dir='ltr'><strong>quoque</strong></span> <span class='ocrx_word' id='word_1_84' title='bbox 745 1678 856 1745; x_wconf 78' lang='lat' dir='ltr'><strong>titltnen</strong></span> <span class='ocrx_word' id='word_1_85' title='bbox 870 1691 965 1765; x_wconf 83' lang='lat' dir='ltr'><strong>ponit.</strong></span> <span class='ocrx_word' id='word_1_86' title='bbox 1005 1685 1196 1761; x_wconf 21' lang='lat' dir='ltr'><strong>Qtttndoltu·</strong></span> 
     </span>
    </p>

    <p class='ocr_par' dir='ltr' id='par_1_5' title="bbox 141 1771 1297 3533">
     <span class='ocr_line' id='line_1_14' title="bbox 141 1771 1200 1849; baseline -0.013 -12"><span class='ocrx_word' id='word_1_87' title='bbox 141 1840 146 1847; x_wconf 74' lang='grc'><strong>,</strong></span> <span class='ocrx_word' id='word_1_88' title='bbox 182 1780 261 1837; x_wconf 79' lang='lat' dir='ltr'><strong>&#39;tem</strong></span> <span class='ocrx_word' id='word_1_89' title='bbox 292 1775 381 1849; x_wconf 81' lang='lat' dir='ltr'><strong>ltnjue</strong></span> <span class='ocrx_word' id='word_1_90' title='bbox 411 1773 528 1831; x_wconf 84' lang='lat' dir='ltr'><strong>dillichi</strong></span> <span class='ocrx_word' id='word_1_91' title='bbox 556 1773 668 1828; x_wconf 86' lang='lat' dir='ltr'><strong>mentio</strong></span> <span class='ocrx_word' id='word_1_92' title='bbox 698 1773 819 1838; x_wconf 84' lang='lat' dir='ltr'><strong>incidit,</strong></span> <span class='ocrx_word' id='word_1_93' title='bbox 862 1775 949 1829; x_wconf 81' lang='lat' dir='ltr'><strong>etiern</strong></span> <span class='ocrx_word' id='word_1_94' title='bbox 977 1772 1035 1828; x_wconf 87' lang='lat' dir='ltr'><strong>ltoc</strong></span> <span class='ocrx_word' id='word_1_95' title='bbox 1054 1771 1200 1844; x_wconf 79' lang='lat' dir='ltr'><strong>conqueri</strong></span> 
     </span>
     <span class='ocr_line' id='line_1_15' title="bbox 201 1855 1201 1935; baseline -0.013 -15"><span class='ocrx_word' id='word_1_96' title='bbox 201 1862 296 1924; x_wconf 78' lang='lat' dir='ltr'><strong>tobit,</strong></span> <span class='ocrx_word' id='word_1_97' title='bbox 330 1860 410 1935; x_wconf 87' lang='lat' dir='ltr'><strong>quod</strong></span> <span class='ocrx_word' id='word_1_98' title='bbox 437 1858 466 1914; x_wconf 88' lang='lat' dir='ltr'><strong>ei</strong></span> <span class='ocrx_word' id='word_1_99' title='bbox 489 1855 612 1913; x_wconf 81' lang='lat' dir='ltr'><strong>alterum</strong></span> <span class='ocrx_word' id='word_1_100' title='bbox 634 1859 757 1931; x_wconf 75' lang='lat' dir='ltr'><strong>jungere</strong></span> <span class='ocrx_word' id='word_1_101' title='bbox 779 1859 980 1915; x_wconf 86' lang='lat' dir='ltr'><strong>luttinuerunt</strong></span> <span class='ocrx_word' id='word_1_102' title='bbox 1000 1858 1130 1932; x_wconf 80' lang='lat' dir='ltr'><strong>primum</strong></span> <span class='ocrx_word' id='word_1_103' title='bbox 1151 1856 1201 1908; x_wconf 84' lang='lat' dir='ltr'><strong>Pi·</strong></span> 
     </span>
     <span class='ocr_line' id='line_1_16' title="bbox 202 1939 1204 2015; baseline -0.009 -12"><span class='ocrx_word' id='word_1_104' title='bbox 202 1946 323 2006; x_wconf 81' lang='lat' dir='ltr'><strong>thoeue,</strong></span> <span class='ocrx_word' id='word_1_105' title='bbox 344 1962 416 2000; x_wconf 84' lang='lat' dir='ltr'><strong>mox</strong></span> <span class='ocrx_word' id='word_1_106' title='bbox 433 1941 549 1998; x_wconf 82' lang='lat' dir='ltr'><strong>Tolliur</strong></span> <span class='ocrx_word' id='word_1_107' title='bbox 564 1959 592 1998; x_wconf 91' lang='lat' dir='ltr'><strong>et</strong></span> <span class='ocrx_word' id='word_1_108' title='bbox 607 1940 792 1999; x_wconf 70' lang='lat' dir='ltr'><strong>normannus</strong></span> <span class='ocrx_word' id='word_1_109' title='bbox 808 1945 860 2002; x_wconf 84' lang='lat' dir='ltr'><strong>lec.</strong></span> <span class='ocrx_word' id='word_1_110' title='bbox 905 1943 1100 1998; x_wconf 83' lang='lat' dir='ltr'><strong>Inveniuntur</strong></span> <span class='ocrx_word' id='word_1_111' title='bbox 1122 1939 1204 2015; x_wconf 79' lang='lat' dir='ltr'><strong>apud</strong></span> 
     </span>
     <span class='ocr_line' id='line_1_17' title="bbox 203 2025 1203 2104; baseline -0.005 -21"><span class='ocrx_word' id='word_1_112' title='bbox 203 2029 367 2089; x_wconf 68' lang='lat' dir='ltr'><strong>ciuilium</strong></span> <span class='ocrx_word' id='word_1_113' title='bbox 390 2049 419 2104; x_wconf 80' lang='lat' dir='ltr'><strong>p.</strong></span> <span class='ocrx_word' id='word_1_114' title='bbox 436 2025 495 2094; x_wconf 75' lang='lat'><strong>246</strong></span> <span class='ocrx_word' id='word_1_115' title='bbox 516 2043 547 2081; x_wconf 88' lang='lat' dir='ltr'><strong>et</strong></span> <span class='ocrx_word' id='word_1_116' title='bbox 567 2025 745 2082; x_wconf 74' lang='lat' dir='ltr'><strong>Diomedem</strong></span> <span class='ocrx_word' id='word_1_117' title='bbox 767 2038 827 2095; x_wconf 75' lang='lat'><strong>457</strong></span> <span class='ocrx_word' id='word_1_118' title='bbox 848 2027 882 2082; x_wconf 89' lang='lat' dir='ltr'><strong>lti</strong></span> <span class='ocrx_word' id='word_1_119' title='bbox 896 2027 1009 2083; x_wconf 81' lang='lat' dir='ltr'><strong>verlue:</strong></span> <span class='ocrx_word' id='word_1_120' title='bbox 1033 2026 1203 2081; x_wconf 77' lang='lat' dir='ltr'><strong>Extractent</strong></span> 
     </span>
     <span class='ocr_line' id='line_1_18' title="bbox 202 2108 1202 2192; baseline -0.008 -22"><span class='ocrx_word' id='word_1_121' title='bbox 202 2128 287 2192; x_wconf 75' lang='lat' dir='ltr'><strong>puteo</strong></span> <span class='ocrx_word' id='word_1_122' title='bbox 312 2111 431 2191; x_wconf 75' lang='lat' dir='ltr'><strong>fitnlnrrt</strong></span> <span class='ocrx_word' id='word_1_123' title='bbox 460 2132 520 2164; x_wconf 85' lang='lat' dir='ltr'><strong>cunr</strong></span> <span class='ocrx_word' id='word_1_124' title='bbox 548 2116 632 2185; x_wconf 78' lang='lat' dir='ltr'><strong>ponit</strong></span> <span class='ocrx_word' id='word_1_125' title='bbox 663 2115 691 2164; x_wconf 83' lang='lat' dir='ltr'><strong>in</strong></span> <span class='ocrx_word' id='word_1_126' title='bbox 721 2112 820 2175; x_wconf 81' lang='lat' dir='ltr'><strong>ltorto,</strong></span> <span class='ocrx_word' id='word_1_127' title='bbox 864 2112 984 2166; x_wconf 70' lang='lat' dir='ltr'><strong>Ulterius</strong></span> <span class='ocrx_word' id='word_1_128' title='bbox 1010 2108 1109 2185; x_wconf 78' lang='lat' dir='ltr'><strong>standi</strong></span> <span class='ocrx_word' id='word_1_129' title='bbox 1144 2130 1202 2165; x_wconf 85' lang='lat' dir='ltr'><strong>non</strong></span> 
     </span>
     <span class='ocr_line' id='line_1_19' title="bbox 196 2195 1203 2274; baseline -0.007 -19"><span class='ocrx_word' id='word_1_130' title='bbox 196 2198 288 2255; x_wconf 63' lang='lat' dir='ltr'><strong>tabee</strong></span> <span class='ocrx_word' id='word_1_131' title='bbox 311 2195 368 2274; x_wconf 78' lang='lat' dir='ltr'><strong>ipse</strong></span> <span class='ocrx_word' id='word_1_132' title='bbox 391 2198 498 2256; x_wconf 80' lang='lat' dir='ltr'><strong>locum,</strong></span> <span class='ocrx_word' id='word_1_133' title='bbox 543 2195 681 2250; x_wconf 74' lang='lat' dir='ltr'><strong>hebentes</strong></span> <span class='ocrx_word' id='word_1_134' title='bbox 706 2196 768 2249; x_wconf 81' lang='lat' dir='ltr'><strong>sene</strong></span> <span class='ocrx_word' id='word_1_135' title='bbox 792 2213 820 2251; x_wconf 88' lang='lat' dir='ltr'><strong>et</strong></span> <span class='ocrx_word' id='word_1_136' title='bbox 841 2197 894 2271; x_wconf 79' lang='lat' dir='ltr'><strong>ipsi</strong></span> <span class='ocrx_word' id='word_1_137' title='bbox 915 2196 1079 2252; x_wconf 82' lang='lat' dir='ltr'><strong>irrifionem</strong></span> <span class='ocrx_word' id='word_1_138' title='bbox 1103 2195 1203 2249; x_wconf 88' lang='lat' dir='ltr'><strong>minn-</strong></span> 
     </span>
     <span class='ocr_line' id='line_1_20' title="bbox 196 2278 1204 2342; baseline -0.004 -5"><span class='ocrx_word' id='word_1_139' title='bbox 196 2282 306 2338; x_wconf 79' lang='lat' dir='ltr'><strong>·till‘rmi</strong></span> <span class='ocrx_word' id='word_1_140' title='bbox 332 2280 430 2342; x_wconf 83' lang='lat' dir='ltr'><strong>horti,</strong></span> <span class='ocrx_word' id='word_1_141' title='bbox 466 2278 512 2333; x_wconf 84' lang='lat' dir='ltr'><strong>led</strong></span> <span class='ocrx_word' id='word_1_142' title='bbox 541 2278 620 2332; x_wconf 79' lang='lat' dir='ltr'><strong>nulla</strong></span> <span class='ocrx_word' id='word_1_143' title='bbox 649 2279 699 2333; x_wconf 79' lang='lat' dir='ltr'><strong>vcl</strong></span> <span class='ocrx_word' id='word_1_144' title='bbox 720 2281 870 2335; x_wconf 77' lang='lat' dir='ltr'><strong>Ciceronis</strong></span> <span class='ocrx_word' id='word_1_145' title='bbox 894 2279 945 2335; x_wconf 79' lang='lat' dir='ltr'><strong>vel</strong></span> <span class='ocrx_word' id='word_1_146' title='bbox 965 2281 1057 2336; x_wconf 84' lang='lat' dir='ltr'><strong>nollti</strong></span> <span class='ocrx_word' id='word_1_147' title='bbox 1083 2278 1204 2334; x_wconf 83' lang='lat' dir='ltr'><strong>distichi</strong></span> 
     </span>
     <span class='ocr_line' id='line_1_21' title="bbox 205 2360 1206 2440; baseline -0.003 -19"><span class='ocrx_word' id='word_1_148' title='bbox 205 2365 280 2437; x_wconf 75' lang='lat' dir='ltr'><strong>iactu</strong></span> <span class='ocrx_word' id='word_1_149' title='bbox 295 2363 453 2419; x_wconf 88' lang='lat' dir='ltr'><strong>mentione.</strong></span> <span class='ocrx_word' id='word_1_150' title='bbox 498 2360 640 2418; x_wconf 71' lang='lat' dir='ltr'><strong>Pithoeus</strong></span> <span class='ocrx_word' id='word_1_151' title='bbox 656 2363 791 2438; x_wconf 88' lang='lat' dir='ltr'><strong>quidem,</strong></span> <span class='ocrx_word' id='word_1_152' title='bbox 813 2364 890 2419; x_wconf 91' lang='lat' dir='ltr'><strong>unde</strong></span> <span class='ocrx_word' id='word_1_153' title='bbox 907 2365 954 2418; x_wconf 82' lang='lat' dir='ltr'><strong>lut</strong></span> <span class='ocrx_word' id='word_1_154' title='bbox 969 2364 1082 2426; x_wconf 78' lang='lat' dir='ltr'><strong>lrabeat.</strong></span> <span class='ocrx_word' id='word_1_155' title='bbox 1104 2382 1206 2440; x_wconf 86' lang='lat' dir='ltr'><strong>quove</strong></span> 
     </span>
     <span class='ocr_line' id='line_1_22' title="bbox 204 2445 1205 2524; baseline 0 -20"><span class='ocrx_word' id='word_1_156' title='bbox 204 2449 238 2504; x_wconf 88' lang='lat' dir='ltr'><strong>in</strong></span> <span class='ocrx_word' id='word_1_157' title='bbox 259 2447 370 2503; x_wconf 87' lang='lat' dir='ltr'><strong>Codice</strong></span> <span class='ocrx_word' id='word_1_158' title='bbox 392 2445 514 2521; x_wconf 85' lang='lat' dir='ltr'><strong>legerit,</strong></span> <span class='ocrx_word' id='word_1_159' title='bbox 553 2447 651 2518; x_wconf 81' lang='lat' dir='ltr'><strong>juncte</strong></span> <span class='ocrx_word' id='word_1_160' title='bbox 670 2449 818 2504; x_wconf 85' lang='lat' dir='ltr'><strong>invenerit</strong></span> <span class='ocrx_word' id='word_1_161' title='bbox 840 2468 875 2504; x_wconf 88' lang='lat' dir='ltr'><strong>en</strong></span> <span class='ocrx_word' id='word_1_162' title='bbox 901 2448 960 2522; x_wconf 82' lang='lat' dir='ltr'><strong>iple</strong></span> <span class='ocrx_word' id='word_1_163' title='bbox 982 2448 1205 2524; x_wconf 64' lang='lat' dir='ltr'><strong>conglutinant,</strong></span> 
     </span>
     <span class='ocr_line' id='line_1_23' title="bbox 197 2526 1297 2609; baseline 0.001 -22"><span class='ocrx_word' id='word_1_164' title='bbox 197 2546 267 2588; x_wconf 85' lang='lat' dir='ltr'><strong>&#39;non</strong></span> <span class='ocrx_word' id='word_1_165' title='bbox 286 2528 358 2599; x_wconf 71' lang='lat' dir='ltr'><strong>[olet</strong></span> <span class='ocrx_word' id='word_1_166' title='bbox 378 2530 503 2605; x_wconf 79' lang='lat' dir='ltr'><strong>prodere</strong></span> <span class='ocrx_word' id='word_1_167' title='bbox 524 2526 584 2600; x_wconf 87' lang='lat' dir='ltr'><strong>(cl.</strong></span> <span class='ocrx_word' id='word_1_168' title='bbox 605 2542 633 2600; x_wconf 82' lang='lat'><strong>8,</strong></span> <span class='ocrx_word' id='word_1_169' title='bbox 651 2544 679 2598; x_wconf 79' lang='lat'><strong>3,</strong></span> <span class='ocrx_word' id='word_1_170' title='bbox 697 2534 776 2601; x_wconf 62' lang='grc' dir='ltr'><strong>πως</strong></span> <span class='ocrx_word' id='word_1_171' title='bbox 796 2533 842 2587; x_wconf 84' lang='lat' dir='ltr'><strong>led</strong></span> <span class='ocrx_word' id='word_1_172' title='bbox 866 2549 1000 2587; x_wconf 78' lang='lat' dir='ltr'><strong>veterum</strong></span> <span class='ocrx_word' id='word_1_173' title='bbox 1017 2535 1148 2609; x_wconf 83' lang='lat' dir='ltr'><strong>ipsorum</strong></span> <span class='ocrx_word' id='word_1_174' title='bbox 1165 2554 1204 2588; x_wconf 93' lang='lat' dir='ltr'><strong>ne</strong></span> <span class='ocrx_word' id='word_1_175' title='bbox 1294 2530 1297 2537; x_wconf 66' lang='grc'><em>’</em></span> 
     </span>
     <span class='ocr_line' id='line_1_24' title="bbox 205 2604 1207 2692; baseline 0.004 -22"><span class='ocrx_word' id='word_1_176' title='bbox 205 2604 337 2671; x_wconf 66' lang='lat' dir='ltr'><strong>mitiffi·</strong></span> <span class='ocrx_word' id='word_1_177' title='bbox 357 2614 477 2691; x_wconf 86' lang='lat' dir='ltr'><strong>quidem</strong></span> <span class='ocrx_word' id='word_1_178' title='bbox 508 2616 548 2671; x_wconf 85' lang='lat' dir='ltr'><strong>itt</strong></span> <span class='ocrx_word' id='word_1_179' title='bbox 578 2615 774 2671; x_wconf 81' lang='lat' dir='ltr'><strong>constituendi</strong></span> <span class='ocrx_word' id='word_1_180' title='bbox 804 2618 1020 2692; x_wconf 76' lang='lat' dir='ltr'><strong>epigretnmatie</strong></span> <span class='ocrx_word' id='word_1_181' title='bbox 1047 2619 1207 2674; x_wconf 70' lang='lat' dir='ltr'><strong>auctoritas</strong></span> 
     </span>
     <span class='ocr_line' id='line_1_25' title="bbox 206 2699 1208 2777; baseline 0.002 -24"><span class='ocrx_word' id='word_1_182' title='bbox 206 2715 333 2775; x_wconf 81' lang='lat' dir='ltr'><strong>epperet.</strong></span> <span class='ocrx_word' id='word_1_183' title='bbox 374 2700 422 2761; x_wconf 73' lang='lat' dir='ltr'><strong>Est</strong></span> <span class='ocrx_word' id='word_1_184' title='bbox 436 2715 532 2754; x_wconf 80' lang='lat' dir='ltr'><strong>autem</strong></span> <span class='ocrx_word' id='word_1_185' title='bbox 549 2721 601 2777; x_wconf 86' lang='lat' dir='ltr'><strong>per</strong></span> <span class='ocrx_word' id='word_1_186' title='bbox 619 2702 644 2756; x_wconf 86' lang='lat' dir='ltr'><strong>le</strong></span> <span class='ocrx_word' id='word_1_187' title='bbox 660 2699 829 2756; x_wconf 77' lang='lat' dir='ltr'><strong>alienillima</strong></span> <span class='ocrx_word' id='word_1_188' title='bbox 844 2704 1075 2776; x_wconf 76' lang='lat' dir='ltr'><strong>coagmentatio,</strong></span> <span class='ocrx_word' id='word_1_189' title='bbox 1098 2703 1131 2755; x_wconf 90' lang='lat' dir='ltr'><strong>in</strong></span> <span class='ocrx_word' id='word_1_190' title='bbox 1148 2723 1208 2776; x_wconf 81' lang='lat' dir='ltr'><strong>qne</strong></span> 
     </span>
     <span class='ocr_line' id='line_1_26' title="bbox 206 2782 1207 2862; baseline 0.003 -23"><span class='ocrx_word' id='word_1_191' title='bbox 206 2782 303 2839; x_wconf 71' lang='lat' dir='ltr'><strong>levius</strong></span> <span class='ocrx_word' id='word_1_192' title='bbox 327 2799 356 2838; x_wconf 89' lang='lat' dir='ltr'><strong>et</strong></span> <span class='ocrx_word' id='word_1_193' title='bbox 377 2785 476 2838; x_wconf 87' lang='lat' dir='ltr'><strong>minue</strong></span> <span class='ocrx_word' id='word_1_194' title='bbox 499 2785 623 2841; x_wconf 87' lang='lat' dir='ltr'><strong>succedit</strong></span> <span class='ocrx_word' id='word_1_195' title='bbox 637 2783 772 2848; x_wconf 83' lang='lat' dir='ltr'><strong>fortiori,</strong></span> <span class='ocrx_word' id='word_1_196' title='bbox 794 2802 823 2840; x_wconf 86' lang='lat' dir='ltr'><strong>et</strong></span> <span class='ocrx_word' id='word_1_197' title='bbox 838 2785 915 2842; x_wconf 82' lang='lat' dir='ltr'><strong>lulut</strong></span> <span class='ocrx_word' id='word_1_198' title='bbox 929 2787 1043 2862; x_wconf 81' lang='lat' dir='ltr'><strong>ingenii</strong></span> <span class='ocrx_word' id='word_1_199' title='bbox 1058 2787 1110 2862; x_wconf 84' lang='lat' dir='ltr'><strong>qui</strong></span> <span class='ocrx_word' id='word_1_200' title='bbox 1126 2785 1207 2842; x_wconf 80' lang='lat' dir='ltr'><strong>lolut</strong></span> 
     </span>
     <span class='ocr_line' id='line_1_27' title="bbox 207 2867 1206 2948; baseline 0.002 -25"><span class='ocrx_word' id='word_1_201' title='bbox 207 2885 321 2944; x_wconf 78' lang='lat' dir='ltr'><strong>poteret</strong></span> <span class='ocrx_word' id='word_1_202' title='bbox 337 2867 460 2942; x_wconf 74' lang='lat' dir='ltr'><strong>placere,</strong></span> <span class='ocrx_word' id='word_1_203' title='bbox 482 2869 546 2924; x_wconf 79' lang='lat' dir='ltr'><strong>vim</strong></span> <span class='ocrx_word' id='word_1_204' title='bbox 562 2889 679 2925; x_wconf 88' lang='lat' dir='ltr'><strong>omnem</strong></span> <span class='ocrx_word' id='word_1_205' title='bbox 695 2870 804 2924; x_wconf 80' lang='lat' dir='ltr'><strong>emittit</strong></span> <span class='ocrx_word' id='word_1_206' title='bbox 817 2871 934 2944; x_wconf 76' lang='lat' dir='ltr'><strong>partim,</strong></span> <span class='ocrx_word' id='word_1_207' title='bbox 951 2887 984 2926; x_wconf 85' lang='lat' dir='ltr'><strong>ut</strong></span> <span class='ocrx_word' id='word_1_208' title='bbox 999 2872 1071 2935; x_wconf 82' lang='lat' dir='ltr'><strong>dixi,</strong></span> <span class='ocrx_word' id='word_1_209' title='bbox 1088 2890 1206 2948; x_wconf 79' lang='lat' dir='ltr'><strong>compe-</strong></span> 
     </span>
     <span class='ocr_line' id='line_1_28' title="bbox 207 2952 1208 3031; baseline 0.005 -24"><span class='ocrx_word' id='word_1_210' title='bbox 207 2952 331 3016; x_wconf 77' lang='lat' dir='ltr'><strong>tatione,</strong></span> <span class='ocrx_word' id='word_1_211' title='bbox 352 2953 460 3029; x_wconf 77' lang='lat' dir='ltr'><strong>pertint</strong></span> <span class='ocrx_word' id='word_1_212' title='bbox 475 2954 534 3028; x_wconf 71' lang='lat' dir='ltr'><strong>ipsa</strong></span> <span class='ocrx_word' id='word_1_213' title='bbox 553 2954 759 3029; x_wconf 74' lang='lat' dir='ltr'><strong>geminatione.</strong></span> <span class='ocrx_word' id='word_1_214' title='bbox 805 2957 871 3009; x_wconf 86' lang='lat' dir='ltr'><strong>iioc</strong></span> <span class='ocrx_word' id='word_1_215' title='bbox 883 2954 961 3010; x_wconf 88' lang='lat' dir='ltr'><strong>illud</strong></span> <span class='ocrx_word' id='word_1_216' title='bbox 975 2958 1031 3019; x_wconf 83' lang='lat' dir='ltr'><strong>eli,</strong></span> <span class='ocrx_word' id='word_1_217' title='bbox 1055 2957 1137 3031; x_wconf 86' lang='lat' dir='ltr'><strong>quod</strong></span> <span class='ocrx_word' id='word_1_218' title='bbox 1149 2956 1208 3011; x_wconf 86' lang='lat' dir='ltr'><strong>im·</strong></span> 
     </span>
     <span class='ocr_line' id='line_1_29' title="bbox 197 3035 1206 3115; baseline 0.005 -24"><span class='ocrx_word' id='word_1_219' title='bbox 197 3036 296 3113; x_wconf 77' lang='lat' dir='ltr'><strong>&#39;periti</strong></span> <span class='ocrx_word' id='word_1_220' title='bbox 320 3035 413 3093; x_wconf 82' lang='lat' dir='ltr'><strong>[olent</strong></span> <span class='ocrx_word' id='word_1_221' title='bbox 437 3040 621 3095; x_wconf 80' lang='lat' dir='ltr'><strong>committere</strong></span> <span class='ocrx_word' id='word_1_222' title='bbox 647 3037 679 3091; x_wconf 90' lang='lat' dir='ltr'><strong>in</strong></span> <span class='ocrx_word' id='word_1_223' title='bbox 700 3036 880 3112; x_wconf 79' lang='lat' dir='ltr'><strong>sculptorum</strong></span> <span class='ocrx_word' id='word_1_224' title='bbox 903 3056 1035 3095; x_wconf 83' lang='lat' dir='ltr'><strong>veterum</strong></span> <span class='ocrx_word' id='word_1_225' title='bbox 1058 3041 1206 3115; x_wconf 75' lang='lat' dir='ltr'><strong>fragmen·</strong></span> 
     </span>
     <span class='ocr_line' id='line_1_30' title="bbox 208 3120 1206 3198; baseline 0.006 -23"><span class='ocrx_word' id='word_1_226' title='bbox 208 3120 261 3183; x_wconf 82' lang='lat' dir='ltr'><strong>tie,</strong></span> <span class='ocrx_word' id='word_1_227' title='bbox 285 3137 319 3175; x_wconf 90' lang='lat' dir='ltr'><strong>ut</strong></span> <span class='ocrx_word' id='word_1_228' title='bbox 342 3138 489 3196; x_wconf 84' lang='lat' dir='ltr'><strong>repertum</strong></span> <span class='ocrx_word' id='word_1_229' title='bbox 516 3139 601 3196; x_wconf 80' lang='lat' dir='ltr'><strong>ceput</strong></span> <span class='ocrx_word' id='word_1_230' title='bbox 626 3122 749 3179; x_wconf 75' lang='lat' dir='ltr'><strong>Venerit</strong></span> <span class='ocrx_word' id='word_1_231' title='bbox 768 3123 922 3198; x_wconf 84' lang='lat' dir='ltr'><strong>imponant</strong></span> <span class='ocrx_word' id='word_1_232' title='bbox 945 3123 1075 3181; x_wconf 75' lang='lat' dir='ltr'><strong>humeris</strong></span> <span class='ocrx_word' id='word_1_233' title='bbox 1095 3126 1206 3181; x_wconf 86' lang='lat' dir='ltr'><strong>Miner·</strong></span> 
     </span>
     <span class='ocr_line' id='line_1_31' title="bbox 205 3202 1205 3278; baseline 0.006 -20"><span class='ocrx_word' id='word_1_234' title='bbox 205 3214 272 3259; x_wconf 73' lang='lat' dir='ltr'><strong>vec.¹</strong></span> <span class='ocrx_word' id='word_1_235' title='bbox 310 3202 425 3262; x_wconf 83' lang='lat' dir='ltr'><strong>Tolliut</strong></span> <span class='ocrx_word' id='word_1_236' title='bbox 454 3207 618 3278; x_wconf 75' lang='lat' dir='ltr'><strong>juncturam</strong></span> <span class='ocrx_word' id='word_1_237' title='bbox 650 3205 789 3260; x_wconf 80' lang='lat' dir='ltr'><strong>artiorem</strong></span> <span class='ocrx_word' id='word_1_238' title='bbox 823 3206 934 3263; x_wconf 85' lang='lat' dir='ltr'><strong>efficere</strong></span> <span class='ocrx_word' id='word_1_239' title='bbox 964 3208 1099 3265; x_wconf 73' lang='lat' dir='ltr'><strong>leborini</strong></span> <span class='ocrx_word' id='word_1_240' title='bbox 1129 3210 1205 3264; x_wconf 79' lang='lat' dir='ltr'><strong>mire</strong></span> 
     </span>
     <span class='ocr_line' id='line_1_32' title="bbox 199 3285 1206 3370; baseline 0.011 -31"><span class='ocrx_word' id='word_1_241' title='bbox 199 3285 291 3362; x_wconf 77' lang='lat' dir='ltr'><strong>&#39;plane</strong></span> <span class='ocrx_word' id='word_1_242' title='bbox 320 3290 450 3354; x_wconf 82' lang='lat' dir='ltr'><strong>extudit,</strong></span> <span class='ocrx_word' id='word_1_243' title='bbox 494 3308 523 3345; x_wconf 91' lang='lat' dir='ltr'><strong>ct</strong></span> <span class='ocrx_word' id='word_1_244' title='bbox 551 3289 660 3345; x_wconf 86' lang='lat' dir='ltr'><strong>nollem</strong></span> <span class='ocrx_word' id='word_1_245' title='bbox 692 3291 838 3365; x_wconf 86' lang='lat' dir='ltr'><strong>optimum</strong></span> <span class='ocrx_word' id='word_1_246' title='bbox 867 3290 1112 3370; x_wconf 75' lang='lat' dir='ltr'><strong>Oudendorpium</strong></span> <span class='ocrx_word' id='word_1_247' title='bbox 1135 3293 1206 3349; x_wconf 81' lang='lat' dir='ltr'><strong>elie·</strong></span> 
     </span>
     <span class='ocr_line' id='line_1_33' title="bbox 206 3368 1207 3434; baseline 0.008 -10"><span class='ocrx_word' id='word_1_248' title='bbox 206 3368 332 3424; x_wconf 77' lang='lat' dir='ltr'><strong>nissimte</strong></span> <span class='ocrx_word' id='word_1_249' title='bbox 370 3375 545 3430; x_wconf 76' lang='lat' dir='ltr'><strong>mutationes</strong></span> <span class='ocrx_word' id='word_1_250' title='bbox 574 3375 698 3428; x_wconf 78' lang='lat' dir='ltr'><strong>tentalle.</strong></span> <span class='ocrx_word' id='word_1_251' title='bbox 758 3378 814 3430; x_wconf 89' lang='lat' dir='ltr'><strong>Pro</strong></span> <span class='ocrx_word' id='word_1_252' title='bbox 844 3390 936 3430; x_wconf 80' lang='lat' dir='ltr'><strong>tantm</strong></span> <span class='ocrx_word' id='word_1_253' title='bbox 963 3379 1088 3434; x_wconf 82' lang='lat' dir='ltr'><strong>secundo</strong></span> <span class='ocrx_word' id='word_1_254' title='bbox 1119 3379 1207 3434; x_wconf 82' lang='lat' dir='ltr'><strong>verln</strong></span> 
     </span>
     <span class='ocr_line' id='line_1_34' title="bbox 207 3451 995 3533; baseline 0.015 -28"><span class='ocrx_word' id='word_1_255' title='bbox 207 3452 282 3527; x_wconf 74' lang='lat' dir='ltr'><strong>lapis</strong></span> <span class='ocrx_word' id='word_1_256' title='bbox 306 3451 430 3526; x_wconf 82' lang='lat' dir='ltr'><strong>legitor,</strong></span> <span class='ocrx_word' id='word_1_257' title='bbox 454 3458 499 3513; x_wconf 90' lang='lat' dir='ltr'><strong>led</strong></span> <span class='ocrx_word' id='word_1_258' title='bbox 522 3457 612 3515; x_wconf 83' lang='lat' dir='ltr'><strong>nlolo</strong></span> <span class='ocrx_word' id='word_1_259' title='bbox 630 3456 812 3533; x_wconf 81' lang='lat' dir='ltr'><strong>Calplturtrio</strong></span> <span class='ocrx_word' id='word_1_260' title='bbox 829 3460 864 3515; x_wconf 84' lang='lat' dir='ltr'><strong>ad</strong></span> <span class='ocrx_word' id='word_1_261' title='bbox 879 3461 995 3518; x_wconf 88' lang='lat' dir='ltr'><strong>Terent.</strong></span> 
     </span>
    </p>

    <p class='ocr_par' dir='ltr' id='par_1_6' title="bbox 200 3540 1207 3861">
     <span class='ocr_line' id='line_1_35' title="bbox 231 3540 1204 3622; baseline 0.011 -31"><span class='ocrx_word' id='word_1_262' title='bbox 231 3544 235 3551; x_wconf 85' lang='lat'>&#39;</span> <span class='ocrx_word' id='word_1_263' title='bbox 271 3550 360 3592; x_wconf 84' lang='lat' dir='ltr'><strong>vocat.</strong></span> <span class='ocrx_word' id='word_1_264' title='bbox 404 3540 481 3596; x_wconf 82' lang='lat' dir='ltr'><strong>Flor.</strong></span> <span class='ocrx_word' id='word_1_265' title='bbox 504 3542 604 3597; x_wconf 82' lang='lat' dir='ltr'><strong>Turio.</strong></span> <span class='ocrx_word' id='word_1_266' title='bbox 628 3544 777 3598; x_wconf 90' lang='lat' dir='ltr'><strong>omittunt.</strong></span> <span class='ocrx_word' id='word_1_267' title='bbox 808 3544 862 3600; x_wconf 91' lang='lat' dir='ltr'><strong>Ille</strong></span> <span class='ocrx_word' id='word_1_268' title='bbox 886 3561 998 3602; x_wconf 85' lang='lat' dir='ltr'><strong>tentum</strong></span> <span class='ocrx_word' id='word_1_269' title='bbox 1015 3567 1088 3622; x_wconf 82' lang='lat' dir='ltr'><strong>epr.</strong></span> <span class='ocrx_word' id='word_1_270' title='bbox 1106 3566 1204 3602; x_wconf 76' lang='lat' dir='ltr'><strong>minu.</strong></span> 
     </span>
     <span class='ocr_line' id='line_1_36' title="bbox 200 3620 1207 3706; baseline 0.013 -32"><span class='ocrx_word' id='word_1_271' title='bbox 200 3620 266 3674; x_wconf 80' lang='lat' dir='ltr'><strong>&#39;Hic</strong></span> <span class='ocrx_word' id='word_1_272' title='bbox 296 3621 434 3677; x_wconf 79' lang='lat' dir='ltr'><strong>vocabuli</strong></span> <span class='ocrx_word' id='word_1_273' title='bbox 465 3628 555 3681; x_wconf 80' lang='lat' dir='ltr'><strong>nostri</strong></span> <span class='ocrx_word' id='word_1_274' title='bbox 580 3626 708 3682; x_wconf 76' lang='lat' dir='ltr'><strong>delectui</strong></span> <span class='ocrx_word' id='word_1_275' title='bbox 733 3631 909 3684; x_wconf 82' lang='lat' dir='ltr'><strong>occtlionem</strong></span> <span class='ocrx_word' id='word_1_276' title='bbox 934 3630 1025 3686; x_wconf 83' lang='lat' dir='ltr'><strong>iecere</strong></span> <span class='ocrx_word' id='word_1_277' title='bbox 1045 3633 1145 3706; x_wconf 84' lang='lat' dir='ltr'><strong>potnit</strong></span> <span class='ocrx_word' id='word_1_278' title='bbox 1168 3630 1207 3699; x_wconf 67' lang='grc' dir='ltr'><strong>τῷ</strong></span> 
     </span>
     <span class='ocr_line' id='line_1_37' title="bbox 206 3705 1205 3789; baseline 0.011 -31"><span class='ocrx_word' id='word_1_279' title='bbox 206 3717 288 3765; x_wconf 80' lang='lat' dir='ltr'><strong>veto,</strong></span> <span class='ocrx_word' id='word_1_280' title='bbox 310 3705 415 3760; x_wconf 76' lang='lat' dir='ltr'><strong>etiaruli</strong></span> <span class='ocrx_word' id='word_1_281' title='bbox 430 3705 519 3764; x_wconf 80' lang='lat' dir='ltr'><strong>luerit</strong></span> <span class='ocrx_word' id='word_1_282' title='bbox 537 3712 618 3765; x_wconf 72' lang='lat' dir='ltr'><strong>Vetto</strong></span> <span class='ocrx_word' id='word_1_283' title='bbox 630 3732 676 3767; x_wconf 87' lang='lat' dir='ltr'><strong>vo.</strong></span> <span class='ocrx_word' id='word_1_284' title='bbox 799 3711 909 3789; x_wconf 28' lang='lat' dir='ltr'><strong>sunda-2</strong></span> <span class='ocrx_word' id='word_1_285' title='bbox 938 3716 985 3768; x_wconf 86' lang='lat' dir='ltr'><strong>Ni.</strong></span> <span class='ocrx_word' id='word_1_286' title='bbox 1007 3715 1085 3771; x_wconf 80' lang='lat' dir='ltr'><strong>Flor.</strong></span> <span class='ocrx_word' id='word_1_287' title='bbox 1103 3706 1205 3771; x_wconf 74' lang='lat' dir='ltr'><strong>Tetric.</strong></span> 
     </span>
     <span class='ocr_line' id='line_1_38' title="bbox 208 3786 1203 3861; baseline 0.01 -19"><span class='ocrx_word' id='word_1_288' title='bbox 208 3786 304 3842; x_wconf 81' lang='lat' dir='ltr'><strong>Guell.</strong></span> <span class='ocrx_word' id='word_1_289' title='bbox 320 3787 450 3861; x_wconf 73' lang='lat' dir='ltr'><strong>fundum.</strong></span> <span class='ocrx_word' id='word_1_290' title='bbox 495 3794 654 3850; x_wconf 82' lang='lat' dir='ltr'><strong>Obscurior</strong></span> <span class='ocrx_word' id='word_1_291' title='bbox 684 3812 779 3851; x_wconf 75' lang='lat' dir='ltr'><strong>temen</strong></span> <span class='ocrx_word' id='word_1_292' title='bbox 810 3799 940 3852; x_wconf 87' lang='lat' dir='ltr'><strong>cernitur</strong></span> <span class='ocrx_word' id='word_1_293' title='bbox 959 3799 991 3852; x_wconf 90' lang='lat' dir='ltr'><strong>in</strong></span> <span class='ocrx_word' id='word_1_294' title='bbox 1014 3800 1115 3855; x_wconf 88' lang='lat' dir='ltr'><strong>Turic.</strong></span> <span class='ocrx_word' id='word_1_295' title='bbox 1140 3817 1203 3852; x_wconf 87' lang='lat' dir='ltr'><strong>cor·-</strong></span> 
     </span>
    </p>

    <p class='ocr_par' dir='ltr' id='par_1_7' title="bbox 177 3871 1200 4042">
     <span class='ocr_line' id='line_1_39' title="bbox 177 3871 1200 3956; baseline 0.013 -32"><span class='ocrx_word' id='word_1_296' title='bbox 177 3910 181 3915; x_wconf 92' lang='lat'>-</span> <span class='ocrx_word' id='word_1_297' title='bbox 208 3871 300 3926; x_wconf 87' lang='lat' dir='ltr'><strong>rectio</strong></span> <span class='ocrx_word' id='word_1_298' title='bbox 333 3875 430 3929; x_wconf 78' lang='lat' dir='ltr'><strong>verser</strong></span> <span class='ocrx_word' id='word_1_299' title='bbox 460 3876 617 3951; x_wconf 75' lang='lat' dir='ltr'><strong>vulgatam.</strong></span> <span class='ocrx_word' id='word_1_300' title='bbox 783 3902 839 3956; x_wconf 80' lang='lat' dir='ltr'><strong>qun</strong></span> <span class='ocrx_word' id='word_1_301' title='bbox 863 3901 938 3937; x_wconf 82' lang='lat' dir='ltr'><strong>cava.</strong></span> <span class='ocrx_word' id='word_1_302' title='bbox 961 3883 1061 3941; x_wconf 85' lang='lat' dir='ltr'><strong>anic.</strong></span> <span class='ocrx_word' id='word_1_303' title='bbox 1085 3884 1159 3955; x_wconf 72' lang='lat' dir='ltr'><strong>qnod</strong></span> <span class='ocrx_word' id='word_1_304' title='bbox 1179 3904 1200 3938; x_wconf 83' lang='lat' dir='ltr'><strong>c.</strong></span> 
     </span>
     <span class='ocr_line' id='line_1_40' title="bbox 207 3957 1200 4042; baseline 0.001 -26"><span class='ocrx_word' id='word_1_305' title='bbox 207 3971 275 4009; x_wconf 66' lang='lat' dir='ltr'><strong>cum</strong></span> <span class='ocrx_word' id='word_1_306' title='bbox 294 3957 368 4016; x_wconf 76' lang='lat' dir='ltr'><strong>lens·</strong></span> <span class='ocrx_word' id='word_1_307' title='bbox 384 3972 413 4012; x_wconf 80' lang='lat' dir='ltr'><strong>et</strong></span> <span class='ocrx_word' id='word_1_308' title='bbox 434 3957 499 4013; x_wconf 77' lang='lat' dir='ltr'><strong>edd·</strong></span> <span class='ocrx_word' id='word_1_309' title='bbox 515 3963 727 4036; x_wconf 69' lang='lat' dir='ltr'><strong>posterioribus</strong></span> <span class='ocrx_word' id='word_1_310' title='bbox 744 3982 808 4021; x_wconf 77' lang='lat' dir='ltr'><strong>ente</strong></span> <span class='ocrx_word' id='word_1_311' title='bbox 829 3964 901 4030; x_wconf 64' lang='lat' dir='ltr'><strong>Ale„</strong></span> <span class='ocrx_word' id='word_1_312' title='bbox 916 3966 972 4020; x_wconf 86' lang='lat' dir='ltr'><strong>Sed</strong></span> <span class='ocrx_word' id='word_1_313' title='bbox 987 3967 1064 4023; x_wconf 83' lang='lat' dir='ltr'><strong>Flor·</strong></span> <span class='ocrx_word' id='word_1_314' title='bbox 1081 3987 1162 4042; x_wconf 74' lang='lat' dir='ltr'><strong>qnam</strong></span> <span class='ocrx_word' id='word_1_315' title='bbox 1178 3986 1200 4018; x_wconf 83' lang='lat' dir='ltr'><strong>c.</strong></span> 
     </span>
    </p>
   </div>
   <div class='ocr_carea' id='block_1_5' title="bbox 203 4037 1200 4202">
    <p class='ocr_par' dir='ltr' id='par_1_8' title="bbox 203 4037 1200 4202">
     <span class='ocr_line' id='line_1_41' title="bbox 206 4037 1200 4127; baseline 0.011 -34"><span class='ocrx_word' id='word_1_316' title='bbox 206 4037 305 4114; x_wconf 75' lang='lat' dir='ltr'><strong>comp.</strong></span> <span class='ocrx_word' id='word_1_317' title='bbox 322 4063 377 4118; x_wconf 77' lang='lat' dir='ltr'><strong>quc</strong></span> <span class='ocrx_word' id='word_1_318' title='bbox 391 4040 480 4118; x_wconf 79' lang='lat' dir='ltr'><strong>causa.</strong></span> <span class='ocrx_word' id='word_1_319' title='bbox 647 4046 684 4122; x_wconf 84' lang='grc' dir='ltr'><strong>ιβ</strong></span> <span class='ocrx_word' id='word_1_320' title='bbox 705 4053 784 4107; x_wconf 83' lang='lat' dir='ltr'><strong>eninr.</strong></span> <span class='ocrx_word' id='word_1_321' title='bbox 814 4049 861 4105; x_wconf 82' lang='lat' dir='ltr'><strong>Sic</strong></span> <span class='ocrx_word' id='word_1_322' title='bbox 886 4050 985 4107; x_wconf 84' lang='lat' dir='ltr'><strong>Tutic.</strong></span> <span class='ocrx_word' id='word_1_323' title='bbox 1012 4055 1109 4127; x_wconf 74' lang='lat' dir='ltr'><strong>Crnrp.</strong></span> <span class='ocrx_word' id='word_1_324' title='bbox 1146 4053 1200 4104; x_wconf 88' lang='lat' dir='ltr'><strong>lle·</strong></span> 
     </span>
     <span class='ocr_line' id='line_1_42' title="bbox 203 4118 829 4202; baseline 0.014 -24"><span class='ocrx_word' id='word_1_325' title='bbox 203 4118 282 4200; x_wconf 80' lang='lat' dir='ltr'><strong>liqui</strong></span> <span class='ocrx_word' id='word_1_326' title='bbox 301 4146 343 4182; x_wconf 83' lang='lat' dir='ltr'><strong>en.</strong></span> <span class='ocrx_word' id='word_1_327' title='bbox 363 4121 411 4202; x_wconf 97' lang='grc' dir='ltr'><strong>ιβ</strong></span> <span class='ocrx_word' id='word_1_328' title='bbox 432 4160 435 4166; x_wconf 86' lang='grc'><em>·</em></span> <span class='ocrx_word' id='word_1_329' title='bbox 637 4165 643 4175; x_wconf 87' lang='lat'><strong>·</strong></span> <span class='ocrx_word' id='word_1_330' title='bbox 807 4120 829 4187; x_wconf 67' lang='lat'><strong>53</strong></span> 
     </span>
    </p>
   </div>
   <div class='ocr_carea' id='block_1_6' title="bbox 0 0 1318 4710">
    <p class='ocr_par' dir='ltr' id='par_1_9' title="bbox 0 0 1318 4710">
     <span class='ocr_line' id='line_1_43' title="bbox 0 0 1318 4710; baseline 0 0"><span class='ocrx_word' id='word_1_331' title='bbox 0 0 1318 4710; x_wconf 95' lang='lat' dir='ltr'><strong> </strong></span> 
     </span>
    </p>
   </div>
  </div>
 </body>
</html>
