2602 4710
290 254 338 319 rr
674 240 902 316 amuou
963 350 966 355 Ι

293 442 354 505 ter
374 445 778 530 excerptam-omnem
797 424 1128 505 emmennone
1145 425 1292 507 editio·

293 588 346 645 ne
372 565 659 666 discrepantem
686 564 781 640 libri
805 565 1027 639 Florentini
1056 560 1292 663 scripturam

175 732 177 741 ·
294 694 427 773 adme
447 699 680 774 mittendam
700 699 854 775 curavit
861 725 872 788 ;
902 722 1004 799 quae
1024 697 1292 781 chartaceum

292 831 338 908 in
352 833 555 931 prioribus
568 833 702 930 operis
716 830 894 932 partibus
906 832 989 908 huc
1000 830 1149 911 delatae
1162 830 1291 908 serius

292 962 457 1053 fuerint,
480 963 637 1067 septimi
660 964 825 1071 quidem
847 964 943 1047 libii
965 968 1129 1073 uarietas
1151 969 1290 1042 minus

292 1096 448 1198 integra
469 1114 623 1175 enotata
646 1097 711 1174 est.
770 1078 908 1199 'ltaque
933 1101 1045 1177 nulla
1072 1107 1149 1195 jam
1172 1100 1292 1183 dubi·

293 1231 391 1308 tatio
411 1232 463 1307 de
481 1226 707 1310 Flor'entini
728 1233 877 1313 codicis
899 1234 1142 1316 conditione·
1156 1237 1291 1311 relicta

293 1364 370 1455 est,
404 1392 477 1442 nec
498 1369 685 1469 cuiquam
706 1367 853 1471 poterit
877 1397 961 1447 non
986 1366 1060 1446 esse
1088 1367 1293 1446 manifesta

291 1495 446 1581 summa
463 1509 548 1596 eius
566 1520 608 1579 et
627 1506 840 1611 antiquitas
860 1520 901 1581 et
922 1504 1163 1608 praestantia.
1210 1486 1294 1611 Qui

293 1650 426 1711 autem
472 1635 603 1737 ipsum
640 1639 750 1715 hunc
786 1638 893 1719 dicat
934 1637 1009 1719 effe
1043 1640 1298 1747 Poggianum

291 1768 464 1861 librum,
498 1775 617 1853 certis
646 1774 728 1853 loci
762 1789 802 1853 et
827 1777 1018 1877 temporis
1048 1775 1295 1877 argumentis

292 1901 473 2004 profecto
501 1906 899 2013 destituitumme,
924 1909 1025 1975 fient
1049 1903 1296 1999 praefatione

293 2040 427 2138 operis
446 2042 571 2110 totius
590 2027 802 2109 ostendiffe
818 2030 973 2121 videor,
994 2030 1094 2108 stant
1110 2033 1295 2111 universa

32 2274 37 2281 .
163 2240 167 2246 .
293 2182 441 2270 aparte
455 2165 605 2245 codicis
621 2163 857 2243 Turicenfis.
896 2163 1102 2269 Inscriptio
1119 2193 1163 2243 ea
1183 2194 1299 2249 com·

292 2315 403 2403 paret
426 2301 471 2380 in
494 2299 630 2377 fronte
650 2302 827 2401 itemque
850 2301 971 2377 altera
991 2303 1036 2381 in
1055 2302 1158 2383 calce
1184 2303 1293 2393 libri,

291 2433 404 2543 unde
424 2432 545 2527 discas
562 2434 864 2513 Werinharium
881 2432 1114 2537 episcopum
1133 2433 1295 2515 donaffe

291 2568 474 2649 ecolefiae
494 2573 581 2649 soe
602 2571 754 2651 Mariae
773 2568 1132 2671 Argentoratenfis,
1165 2570 1292 2651 modo

292 2720 399 2811 recte
422 2705 575 2805 legatur
600 2703 847 2808 postremum
871 2731 1031 2801 nomen.
1072 2705 1149 2783 Sed
1174 2722 1298 2813 notae,

292 2841 379 2943 MS.
406 2820 543 2920 omn⁸es
564 2841 708 2917 melius
736 2855 777 2917 et
806 2838 1038 2942 diligentius
1060 2839 1208 2943 pofitae
1227 2844 1292 2919 in·

289 2977 509 3055 venientur
529 2976 572 3050 in
595 2976 773 3079 catalogo
790 2973 1049 3055 Bandiniano.
1098 2979 1146 3054 In
1168 2977 1293 3054 mexi-

293 3133 360 3185 ma
379 3108 452 3184 heo
470 3108 564 3186 libri
589 3106 714 3189 nostri
739 3113 969 3189 auctoritate
985 3108 1041 3187 est
1063 3126 1195 3190 tamen
1217 3108 1293 3187 ubi

294 3249 484 3350 majorem
505 3240 686 3346 agnoscas
710 3244 935 3322 Turicenfie
960 3244 1126 3333 codicia,
1159 3248 1293 3337 cujus·

290 3377 408 3461 modi
432 3379 545 3455 locus
565 3375 620 3453 est
642 3398 682 3469 a,
699 3386 738 3469 6,
753 3387 818 3468 68.
862 3382 1042 3480 Uterque
1060 3391 1193 3453 autem
1216 3378 1294 3455 ho·

294 3537 387 3595 rum
405 3511 456 3588 ad
471 3511 637 3587 eandem
653 3511 832 3615 profecto
848 3516 1045 3619 originem
1058 3509 1294 3591 referendus

296 3644 371 3737 est,
406 3671 503 3725 oum·
520 3636 734 3747 utrobique
756 3649 919 3726 lacunae
938 3646 1022 3724 fere
1047 3649 1181 3725 nullae
1205 3644 1293 3737 fiat,

295 3797 334 3857 et
371 3778 578 3881 singularis
612 3779 896 3887 scripturarum
935 3808 1059 3885 prope
1107 3784 1295 3861 omnium

296 3914 543 4017 conspiratio.
582 3918 931 4027 Almeloveaianus
950 3920 1030 4008 ille,
1049 3921 1152 3992 inter
1169 3943 1296 4019 quem

296 4066 337 4145 et
369 4051 627 4131 Turicensem
660 4046 864 4136 summum
896 4055 1014 4163 toties
1053 4053 1296 4159 agnovimus

636 4404 728 4461 ..Γ-
774 4412 908 4453 ew·

752 4464 793 4489 §a
