2602 4710
158 317 233 387 nco
386 299 444 368 Μ.
483 299 584 367 FAB.
606 286 971 388 *quintilium*
995 304 1001 313 ‘

158 497 239 588 jam
275 513 349 565 nos
383 485 484 560 ferat
515 485 768 583 quisquamt.
791 494 895 554 certe
936 477 1164 584 Antigerio,

162 612 275 693 cuins
292 603 429 677 eadem
454 595 684 699 fignificatio
709 593 784 682 est,
813 619 955 681 nemo,
983 590 1059 667 nist
1080 616 1170 668 am·

113 716 349 805 rebitiosus‚
370 731 515 792 utetur.
578 713 798 788 Aerumnas
826 707 927 807 quid
955 732 1060 808 opus
1076 706 1168 784 est?

161 851 350 933 tanquam
367 856 505 931 parum
521 829 584 917 fit,
615 826 642 900 fi
663 827 819 900 dicatur
845 819 964 898 labor.
1025 825 1172 899 Horri-

162 950 285 1037 dum,
325 972 442 1023 reort
482 943 705 1030 tolerabile,
766 956 919 1015 ntnntor
959 941 1172 1039 tragicum,

159 1064 311 1164 prolem
329 1063 561 1136 ducendam:
590 968 905 1165 nniverssmvejns
926 1048 1173 1162 prosapiam,

162 1176 368 1254 insulsum.
412 1175 522 1281 Quid
537 1173 692 1250 multa?
721 1166 974 1270 tothi'prope
991 1185 1175 1282 mutatus

228 1425 287 1461 not.
330 1408 430 1482 camp.
456 1425 511 1460 non
533 1424 601 1459 cum
622 1400 704 1456 Basti.
725 1415 753 1454 et
776 1398 984 1473 posterioribus
1007 1401 1175 1457 antchsn.

164 1492 305 1552 Nostrum
321 1509 349 1545 et
364 1489 442 1544 Plor.
459 1488 560 1543 Ambr.
581 1508 607 1543 1.
623 1486 723 1540 Turic.
740 1482 835 1538 Gueli.

229 1590 299 1630 certe
314 1576 468 1646 Antigerio.
513 1570 723 1626 Turic.'Tarv.
751 1590 772 1620 c.
797 1570 950 1650 antegeritr.
995 1567 1071 1622 Fiet.
1097 1581 1173 1620 certe

60 1710 64 1727 ,
169 1673 234 1715 ante
248 1662 349 1731 genio,
374 1659 456 1711 aiec.
474 1675 564 1711 manu
577 1667 698 1708 certante
712 1655 807 1726 genio.
830 1650 927 1705 Guett.
944 1664 1064 1706 certante
1076 1653 1168 1723 gerio.

171 1744 270 1814 Cemp.
291 1752 412 1795 certante
426 1743 548 1812 ingenio·

236 1826 284 1877 26.
319 1818 601 1896 opntest.'l'1n·ic.
628 1820 727 1873 inserit
757 1817 869 1871 literani
892 1840 918 1893 q.

236 1921 368 1983 tanquam
391 1934 433 1947 -
459 1905 616 1959 Horridum.
659 1903 758 1956 Turic.
780 1901 857 1956 Flor.
881 1900 953 1976 (hic
975 1920 990 1954 a
1014 1917 1059 1974 pr.
1080 1918 1175 1953 mann

147 1990 218 2069 *ri
234 2010 287 2065 pro
303 1989 400 2066 quod)
418 1999 437 2044 t.
455 2007 556 2061 parvus
562 1985 604 2065 fit
617 1987 725 2039 dicatur
739 1988 814 2061 qnod
831 1988 962 2042 orricium.
982 2000 1013 2039 nt
1030 1998 1059 2038 et
1073 1981 1174 2038 Guett.

172 2093 322 2152 quanqum
347 2073 455 2134 cumi,
479 2086 497 2130 t.
513 2091 616 2147 parvus
624 2069 666 2145 fit
674 2069 743 2146 sid.
768 2073 841 2143 quoti
858 2072 882 2125 h.
911 2090 978 2129 cnm
995 2068 1084 2125 Goth.
1127 2068 1178 2121 Ex

171 2160 269 2215 nostro
291 2155 369 2212 nihil
391 2158 485 2212 mutat
505 2156 606 2210 Ainbr.
631 2175 657 2207 r.
684 2171 797 2227 praeter
818 2156 897 2208 labor
919 2154 1062 2210 omilium.
1108 2154 1177 2206 Hoc

172 2243 292 2319 quidem
308 2261 323 2295 a
338 2240 420 2297 infit.
435 2240 572 2293 inseritur
586 2238 700 2312 prim0‚
725 2240 780 2292 fine
796 2237 858 2292 ullo
875 2256 969 2294 tamen
984 2254 1113 2292 anctore.

237 2325 398 2379 ducendam.
441 2323 540 2377 Ttuic.
569 2320 647 2375 Flor.
676 2321 807 2375 Ambros.
835 2342 858 2375 ι.
887 2325 1004 2376 dicendi.
1047 2320 1178 2377 illorum

105 2426 112 2442 ⁸
153 2428 295 2481 ,uterque
313 2427 328 2458 a
350 2407 400 2460 [ec.
419 2425 507 2459 manu
525 2405 872 2467 dicendametficGnclf.
896 2408 994 2480 Camp.
1017 2424 1086 2460 cnm
1108 2405 1178 2460 edd.

127 2523 133 2546 ι
173 2509 237 2548 ente
248 2488 329 2547 Basti.
347 2489 400 2562 qui
414 2486 539 2549 dicendo,
555 2507 626 2543 mox
640 2489 805 2543 nobiscnm.
934 2489 1088 2563 universnm
1105 2492 1177 2558 ejas.

173 2576 252 2631 Flor.
277 2569 415 2647 universus
430 2593 453 2625 c.
470 2573 570 2627 Ambr.
592 2593 615 2627 t.
630 2571 736 2646 versum
751 2577 785 2628 ei.
807 2573 879 2628 Obr.
896 2575 1121 2648 producendam
1136 2603 1179 2621 -

175 2657 266 2734 insitis.
287 2657 356 2710 haec
378 2655 479 2710 habet:
499 2655 552 2731 sed
574 2676 667 2709 eruant
689 2655 840 2731 universam
864 2661 923 2726 q'us
944 2681 972 2730 p.
991 2661 1009 2713 i.
1028 2678 1086 2732 qna
1110 2658 1177 2732 qui·

175 2745 241 2799 dem
259 2739 307 2795 vel
320 2741 490 2794 auctoritate
505 2739 553 2794 rel
568 2741 722 2804 sententia,
746 2742 862 2816 prorsus
878 2744 993 2816 ignoro.
1027 2745 1062 2797 In
1078 2740 1176 2797 omui·

175 2827 230 2891 bne
246 2826 321 2879 hisce
335 2822 442 2878 multae
456 2841 606 2879 remanent
618 2825 723 2881 sordet.
748 2826 821 2899 Quit
835 2827 922 2885 nobit
938 2827 1079 2889 ostendet,
1097 2827 1177 2883 nntie

174 2911 299 2988 pendeat
327 2927 472 2964 aerumnas
494 2907 696 2964 accusativus?
726 2911 789 2964 Nisi
821 2910 896 2964 forte
919 2912 1008 2966 dicere
1028 2911 1177 2968 subaudit.

175 2996 230 3051 Sed
250 2995 307 3048 hoc
323 2994 482 3048 diremtum
500 2993 585 3055 inde,
609 2996 677 3066 qnia
701 2994 839 3050 infertum
862 3008 959 3049 utetur.
1003 2998 1041 3050 Et
1065 2996 1119 3052 ubi
1139 2997 1181 3051 est

175 3079 327 3153 diligentia
343 3095 370 3132 et
384 3078 464 3132 nitor
479 3077 620 3133 orationis
631 3077 855 3150 Quintilitncae‚
872 3099 937 3134 cum
952 3080 1015 3154 post
1028 3080 1068 3152 nst
1082 3081 1182 3135 statim

175 3164 322 3236 ingeritur
340 3165 454 3216 utetur?
536 3179 597 3236 quo
613 3162 750 3217 verberet
764 3163 823 3217 hoc
845 3164 999 3237 indignum
1015 3164 1115 3221 nostro
1132 3164 1179 3218 di·

176 3247 261 3301 cendi
276 3244 394 3319 artifice,
424 3264 483 3320 qno
535 3246 655 3318 ogirnur
669 3236 806 3318 antigerio
822 3247 929 3302 struere
947 3266 1013 3302 cum
1035 3262 1129 3302 utetur
1148 3248 1181 3303 et'

176 3332 304 3403 accipere
320 3318 493 3387 curtinum·
532 3331 610 3385 Nem
626 3329 660 3381 ad
678 3349 729 3382 nos
746 3349 805 3384 non
823 3333 942 3406 quidem
966 3331 1042 3387 male
1066 3332 1180 3388 intelli·

176 3415 256 3488 gitur
279 3413 399 3466 dicentes
422 3435 457 3467 ex
477 3414 616 3488 proximo
642 3413 738 3467 dicere.
783 3415 870 3470 Possit
894 3417 987 3490 igitur
1010 3418 1181 3473 succurrere

176 3497 260 3559 loce,
291 3497 343 3569 qui
374 3497 514 3552 idoneum
545 3496 723 3553 vocabulum
748 3499 924 3555 substituerit
945 3500 984 3566 τῷ
1004 3514 1104 3555 utetur.
1150 3501 1180 3555 li

176 3581 302 3636 maxime
318 3579 422 3644 alieni,
446 3583 498 3655 qui
512 3583 609 3637 ierunt
629 3602 701 3644 non,
716 3602 783 3636 cum
799 3584 950 3658 praecedat
972 3598 1010 3648 ut,
1031 3585 1114 3658 quod
1128 3585 1182 3640 de·

177 3664 262 3720 bebnt
285 3664 338 3718 effe
360 3685 394 3717 no
415 3665 445 3718 in
469 3666 521 3721 hac
544 3666 665 3722 ratione.
711 3668 856 3723 Sententia
878 3685 939 3724 tota
964 3670 1078 3724 nonniii
1107 3737 1113 3747 ·
1164 3687 1181 3725 t

177 3746 313 3802 nebulam
328 3749 472 3813 cernitur,
495 3751 700 3823 adjuvantibus
718 3751 771 3813 iit,
794 3771 864 3826 quat
887 3755 1062 3808 recentiores
1086 3685 1179 3808 tex·

176 3848 261 3894 runt,
291 3832 576 3908 interpolationibus.
620 3839 745 3890 Rectene
776 3853 819 3893 tot
849 3837 990 3892 vocabula
1016 3837 1181 3912 proscribat

177 3917 251 3990 Qu.¹
282 3917 340 3988 jrnt
364 3937 423 3973 non
447 3920 548 3974 attinet
570 3939 723 3993 quaerere.
754 3922 850 3995 estque
879 3921 970 3977 lector
999 3920 1180 3995 ablegandus

176 4000 211 4053 atl
226 3998 356 4059 V'o'ffnmt
381 4003 483 4058 Institt.
508 4003 600 4059 Oratt.
627 4014 661 4071 4,
687 4024 720 4068 ι,
746 4020 773 4073 7.
797 4027 824 4080 p.
852 4005 898 4059 16.
921 4022 949 4060 ct
971 4005 1120 4080 imprimit
1141 4004 1180 4059 ad

175 4085 238 4147 cie.
252 4083 288 4141 tie
304 4085 383 4144 Orat.
400 4100 435 4155 3,
458 4097 507 4158 38.
531 4088 583 4145 nbi
596 4087 666 4144 ltaec
683 4090 742 4165 ipit
762 4080 835 4146 ter?
844 4091 941 4144 omnia
969 4089 1179 4153 defenduntur.
