2602 4710
162 326 235 417 asu
386 314 459 409 Μ.
483 310 589 415 ΕΑΒ.
623 322 945 431 QUlelANl·
983 306 990 363 ⁵·
1031 278 1034 283 ⁴

159 530 425 636 praecipitur,
455 529 560 602 utin
582 521 783 635 hoostatu
799 546 941 599 vocem
962 518 1088 625 ipsam
1113 523 1166 601 ad

161 646 336 725 nostram
358 630 509 744 paitem
537 664 732 719 conemur
756 654 921 749 uertere:
980 628 1166 728 Nam,'s1

115 763 211 849 nid·
222 760 310 836 fie'ri
326 738 471 860 polest,
500 756 743 858 amphibolia
764 780 848 831 non
874 751 939 827 est.
998 752 1167 855 Amphi·

161 878 294 954 b'oliae
323 889 456 949 autem
473 875 605 948 omnis
621 872 665 946 in
688 871 751 946 his
773 872 849 944 erit
869 866 1071 968 quaestio,
1096 870 1168 945 nli·

165 989 346 1093 quando,
392 988 495 1067 Uter
513 982 572 1096 stt
593 981 808 1097 secundum
834 980 1015 1059 notorum
1038 989 1169 1092 magis

33 1158 37 1169 ·
120 1124 123 1131 '
154 1099 332 1219 sermo?¹
345 1100 516 1202 semper,
546 1117 674 1177 utrum
678 1095 738 1209 stt
759 1102 945 1197 aequius?
969 1115 1099 1175 utrum
1125 1104 1170 1189 is,

166 1211 401 1328 quiscripszt
418 1218 596 1303 nedixit,
616 1210 679 1323 fic
701 1214 897 1291 uoluerit?
923 1220 1105 1321 Quarum
1122 1216 1234 1302 in651

167 1351 381 1433 utramque
404 1346 556 1433 partem
573 1329 661 1405 satis
683 1353 731 1404 ex
756 1330 840 1419 his,
871 1352 973 1429 quae
1000 1327 1052 1405 de
1073 1354 1173 1407 con-

166 1455 316 1546 jectura
334 1462 375 1523 et
391 1447 580 1551 qualitate
600 1444 796 1533 ducimus,
811 1448 1066 1546 praeceptum
1082 1443 1150 1521 est.

371 1570 424 1621 ·³⁵''t

254 1680 300 1752 X.
341 1652 416 1753 E'st'
438 1690 583 1753 autem
596 1672 791 1777 quaedam
817 1677 923 1751 inter
951 1676 1026 1753 lios
1049 1670 1175 1752 [latus

156 1792 365 1895 .ooguutio.
423 1794 533 1868 Nam
549 1807 587 1865 et
612 1793 656 1864 in
669 1787 874 1899 finitione,
904 1815 1004 1891 quae
1031 1788 1076 1864 lit
1099 1816 1179 1868 vo·

172 1908 304 1985 luntas
327 1908 522 1995 nominis,
548 1906 773 2006 quaeritur:
801 1890 843 1980 ¹ot
868 1907 913 1981 in
924 1897 1179 2015 syllogismo,

173 2022 248 2125 qui
263 2018 459 2099 secundus
478 2017 701 2098 olinitione
722 2018 839 2097 status
867 2018 946 2111 est,
969 2018 1180 2123 spectatur,

238 2242 295 2278 non
311 2217 357 2294 ιβ.
402 2218 502 2276 Turio.
522 2218 560 2289 (a
576 2220 629 2275 sec.
643 2217 759 2293 mauu)
783 2221 895 2279 omittit
908 2242 966 2277 non
980 2222 1063 2286 etsie
1076 2217 1181 2289 fiunis.

176 2306 265 2364 Goth.
287 2304 361 2377 (tac.
381 2302 485 2372 Gelu.)
506 2305 605 2377 Cemp.
630 2323 696 2358 cum
711 2303 791 2362 Vols.
808 2317 836 2360 2.

57 2437 58 2441 ,
243 2400 290 2455 15.
324 2389 371 2461 qui
380 2384 436 2463 scr.
458 2415 500 2427 -
520 2387 648 2442 voluerit.
693 2387 793 2443 Turic.
808 2409 834 2462 q.
845 2387 870 2464 s.
888 2410 920 2443 ac
928 2385 956 2466 β
968 2409 994 2443 υ.
1018 2406 1085 2444 eum
1098 2387 1181 2445 Alm.

178 2495 204 2550 q.
216 2468 241 2543 s.
258 2491 289 2523 ac
306 2469 333 2522 d.
350 2491 376 2524 v.
392 2468 488 2523 Guels.
504 2490 570 2525 cum
585 2470 675 2527 Goth.
693 2469 869 2545 (emGeln.)
884 2472 962 2530 Vols.
980 2489 1008 2528 2.
1023 2493 1050 2548 q.
1060 2470 1183 2549 scripse·

177 2558 216 2610 rit
229 2573 266 2606 an
278 2555 327 2628 qui
342 2552 444 2606 dixerit
457 2573 483 2608 v.
503 2556 603 2630 camp·
619 2576 645 2631 q.
656 2552 682 2630 J.
699 2578 726 2610 a.
736 2554 764 2632 β
780 2556 807 2612 d.
817 2555 892 2634 βου.
907 2557 981 2615 Jeus.
997 2558 1085 2614 Tatv.
1097 2556 1180 2614 Flor.

176 2636 300 2712 Reliqui
314 2652 379 2691 ente
393 2635 462 2692 Bad.
484 2659 510 2714 q.
520 2636 546 2714 J.
561 2661 587 2694 a.
599 2638 642 2717 fic
666 2641 694 2697 d.
703 2638 746 2718 fic
761 2663 787 2695 v.
807 2640 889 2696 Besil.
914 2639 1036 2695 nostram
1046 2679 1055 2704 ,
1078 2642 1184 2696 tersum

176 2720 326 2797 imprimit
341 2736 369 2775 et
388 2721 567 2777 emendatam
585 2724 763 2800 scriptuiem.
808 2724 933 2800 Vulgata
958 2745 983 2800 q.
992 2723 1070 2803 fies.
1093 2746 1120 2780 a.
1136 2724 1182 2799 fic

177 2806 205 2862 d.
215 2804 259 2885 βε
273 2826 299 2860 v.
321 2806 410 2860 nimis
436 2824 551 2862 onerate
574 2809 633 2863 istie
647 2806 699 2887 βι.

234 2876 271 2945 ln.
306 2903 334 2944 et
350 2894 380 2944 in
387 2888 460 2969 Jyll.
503 2892 602 2946 Turio.
617 2906 648 2946 ut
662 2897 681 2948 ι’.
689 2890 714 2967 J
738 2911 806 2947 cum
822 2891 911 2949 Goth.
934 2890 1013 2951 Vos.
1034 2910 1062 2950 2.
1099 2894 1185 2949 Mihi

176 2975 317 3032 nondum
324 2973 436 3049 liquet,
460 2988 490 3027 ut
503 2976 647 3031 meliusne
664 2979 697 3032 lit
715 2997 802 3051 quam
819 2990 861 3039 et,
884 2978 1045 3051 interjectis
1061 2976 1126 3035 illie
1148 2979 1184 3034 de

177 3058 345 3133 syllogismo
361 3075 390 3114 et
405 3059 543 3135 oppositis
553 3061 607 3116 libi
621 3061 751 3116 invicem
762 3061 851 3117 modo
863 3059 943 3134 finit.
961 3077 1092 3119 conum.
1105 3064 1184 3139 segg.

163 3163 240 3200 ·uon
254 3143 349 3200 tribue
368 3143 527 3207 membris,
550 3144 630 3200 utin
655 3163 768 3220 recepta
784 3146 939 3221 scripturn,
961 3148 1054 3204 sactis.

244 3224 290 3299 ιβ,
299 3226 449 3301 spectatur.
493 3227 593 3284 Turio.
610 3229 710 3283 inserit
725 3252 795 3306 qua,
817 3250 831 3283 a
850 3232 900 3286 sec.
916 3250 1005 3287 manu
1024 3252 1080 3308 quo
1101 3234 1187 3288 etsie

181 3309 277 3368 Guels.
301 3312 400 3386 Camp.
425 3331 492 3365 cum
514 3311 604 3367 Goth.
627 3313 707 3371 Voss.
736 3329 764 3369 2.
785 3311 861 3372 Vall.
888 3331 916 3369 et
940 3315 1004 3371 edd.
1027 3333 1092 3371 ante
1116 3312 1186 3373 Ais.

180 3394 291 3469 Regino
307 3396 458 3469 expunxit.
502 3395 557 3451 sed
572 3416 677 3451 vereor
694 3414 727 3453 ut
747 3399 812 3453 sutis
833 3415 923 3455 caute.
967 3400 1065 3453 Prima
1082 3400 1186 3455 Turio.

180 3496 283 3535 manue
304 3478 420 3551 respicit
446 3479 482 3534 ad
497 3478 679 3553 finitionem,
709 3498 738 3536 et
767 3482 837 3538 haee
861 3484 1017 3561 scriptura,
1047 3485 1187 3560 quumvis

180 3562 242 3620 vise
261 3562 366 3617 iterare
394 3563 453 3633 jam
480 3563 574 3629 dicte,
604 3565 781 3638 Quintiliani
804 3567 931 3622 videtur.

230 3726 278 3783 ¹5·
298 3717 346 3790 qui
354 3711 603 3789 [cu-voluerit.
620 3717 656 3773 es.
701 3719 754 3784 do,
786 3719 833 3775 sed
855 3739 956 3776 omnes
979 3720 1123 3783 omnino,
1153 3718 1188 3776 iu

181 3814 245 3855 not.
270 3799 335 3856 crit.
701 3806 806 3880 primis
822 3819 916 3860 tamen
931 3803 1037 3878 legales
1047 3820 1188 3880 quatuor.

219 3880 292 3957 satis
325 3912 367 3926 -
400 3886 543 3951 diximus,
578 3909 659 3963 prae·
742 3891 873 3945 voluntas
901 3890 1029 3944 nominis.
1087 3887 1126 3947 οἱ.
1157 3886 1189 3954 6.

182 3982 289 4043 ceptum
305 3964 352 4041 ιβ.
396 3972 431 4026 cs.
456 3986 483 4039 7,
501 3972 537 4033 6,
561 3968 626 4029 fine.
704 3987 744 4039 Ω,
769 3990 795 4047 9.

228 4073 254 4107 1.
284 4054 335 4107 sios
357 4049 458 4126 status.
501 4054 572 4112 Non
595 4058 661 4132 qui·
738 4056 908 4133 fecundata
918 4056 1063 4128 finitione.
1100 4059 1139 4115 ef.
1157 4070 1190 4127 7.

181 4136 250 4194 dem
269 4136 361 4202 duos,
392 4138 429 4195 de
458 4137 566 4214 qulbus
597 4158 662 4199 mo·
704 4151 739 4213 Β,
764 4160 791 4198 ι.
812 4138 959 4198 delabitur·
998 4142 1035 4197 su
1054 4140 1190 4200 hieeeet
1237 4160 1239 4169 ·
