2602 4710
235 302 285 369 cc
334 366 339 386 .
402 322 407 337 ·
460 280 517 357 Μ’,
552 275 653 353 rte.
692 273 1000 376 thrtntaut
1070 290 1075 297 ·
1164 284 1168 295 ’

234 469 382 572 quaest
408 470 561 546 animos
581 468 807 569 occupavit,
835 491 960 566 prope
988 489 1100 542 aures
1120 464 1231 569 ipsae

233 585 455 664 defensioni
485 583 806 687 praecluduntur.
865 585 911 655 In
938 596 1069 656 totum
1092 597 1233 683 autem

233 701 483 801 congregatio
524 701 739 775 criminum
773 693 1016 771 accusantem
1054 696 1233 805 adiurat,-

230 815 419 917 separatio
450 813 740 891 defendentem.
806 812 986 888 Solebam
1020 811 1081 900 id,
1114 812 1231 912 quod

230 930 317 1007 fieri
336 946 374 1004 et
390 931 433 1005 in
447 930 688 1029 argumentis
710 928 813 1016 dixi,
841 928 885 1000 in
906 941 985 1002 tota
1000 922 1128 1000 facere
1144 952 1232 1003 ma·

227 1045 348 1135 teria,
383 1060 431 1121 ut
460 1042 693 1145 prop'olitis,
726 1059 832 1119 extra
863 1065 962 1140 quae
993 1042 1099 1117 nihil
1123 1039 1231 1135 esset,

228 1265 304 1321 lecto
328 1282 345 1319 ι
368 1259 531 1336 corruptela
557 1254 722 1337 scripturae.
766 1256 852 1333 Quod
880 1258 915 1313 de
935 1256 1072 1314 sententia
1095 1257 1228 1316 dubitari

226 1349 306 1426 polle
320 1362 406 1422 neget
419 1347 575 1410 Gesnerue,
597 1345 630 1401 id
645 1368 681 1403 ne
695 1345 788 1420 ipsum
805 1341 925 1418 quidem
940 1342 1004 1399 [atie
1021 1339 1227 1401 confirmatum

225 1432 352 1489 videtur.
396 1432 464 1484 Huc
480 1430 600 1502 quidem
618 1431 714 1486 redire
738 1448 800 1484 eam
826 1427 984 1484 arbitratur
1004 1427 1055 1483 ille
1079 1427 1227 1504 (reliquie

227 1514 509 1577 obmutescentibus,
538 1536 590 1570 nec
621 1515 711 1569 ullam
739 1512 938 1569 difficultatem
971 1513 1158 1580 cellentibus)
1173 1529 1227 1571 'ut

226 1598 363 1656 coufellio
379 1603 392 1669 (
401 1587 476 1675 quod
487 1595 559 1669 fecit
575 1598 632 1654 scil.
648 1598 841 1660 adversarius,
867 1598 978 1654 dictum
1002 1596 1148 1652 durissime
1157 1638 1166 1663 ,
1188 1613 1224 1655 ut

198 1676 308 1741 'Gelu
331 1685 390 1760 ipse
412 1683 520 1744 censet,
549 1703 603 1759 pro
626 1704 678 1739 eo:
706 1683 787 1758 quod
809 1684 904 1737 leciffe
928 1683 1121 1738 adr-erinium
1143 1683 1224 1739 inter

226 1785 385 1842 utrumque
401 1765 564 1841 litigantem
579 1769 739 1835 convenit)
765 1768 878 1823 dicatur
892 1786 1102 1839 nonnunqum
1118 1783 1219 1843 poten·

225 1854 286 1908 tior
307 1848 371 1907 fieri
389 1853 421 1907 in
436 1853 651 1927 propositione;
674 1851 719 1906 sed
737 1852 818 1908 addit
840 1852 893 1906 tali
912 1850 1116 1928 propositione,
1140 1854 1219 1906 liac-

224 1938 336 1992 culator
351 1934 554 1993 coufeffionem
567 1937 722 1994 adverbrii
738 1952 899 2012 proponat.
916 1953 1044 2010 premat,
1067 1934 1223 2008 partiendo

186 2040 189 2045 ·
221 2036 333 2095 augeat.
375 2023 441 2076 Hoc
471 2037 566 2076 tamen
588 2041 675 2096 quam
707 2019 839 2094 precario
863 2016 928 2083 fiat,
959 2019 1138 2072 manifestum
1169 2020 1220 2074 eil.

220 2105 285 2162 Nec
307 2103 425 2165 sufficit,
449 2123 615 2178 qumquam
637 2105 801 2179 ingeniola,
825 2104 918 2159 Crusri
943 2103 1106 2171 conjecture
1130 2121 1218 2176 repo·

219 2189 316 2247 nentis
344 2188 433 2241 laedit
460 2206 514 2258 pro
537 2185 625 2259 fecit,
657 2186 777 2264 probata
799 2188 923 2246 Gesnero
949 2185 1112 2256 (Probabb.
1138 2185 1238 2244 critt.›

220 2295 251 2350 p.
273 2288 323 2344 9¹·
347 2276 417 2342 92.)
460 2270 660 2328 Conferendue
681 2271 833 2345 inprimis
861 2290 927 2326 cum
950 2269 1046 2325 nollro
1070 2270 1108 2325 est
1133 2270 1221 2327 locu·

224 2367 260 2424 5,
280 2367 332 2420 ιδ,
356 2370 402 2408 12.
422 2366 467 2420 ιδ.
490 2362 536 2426 ι4.
550 2355 603 2411 ubi
618 2354 709 2411 multa
724 2355 804 2410 hisce
820 2359 877 2429 (up.
894 2372 941 2428 29.
960 2369 1008 2422 30.
1023 2359 1087 2421 51.)
1100 2357 1219 2431 respon·

222 2438 319 2502 deotia
334 2437 475 2492 invenies.
519 2442 598 2495 Ilaec
621 2441 799 2514 comparanti
822 2442 971 2515 apparebit
996 2439 1220 2498 multitudinem

190 2596 194 2605 Ι
221 2521 424 2580 membrorum
445 2523 476 2575 iu
492 2525 689 2599 propositione
706 2524 761 2578 elle
781 2524 813 2578 id
835 2524 946 2600 ipsum,
970 2524 1048 2598 quod
1069 2524 1220 2581 interdum

221 2606 377 2664 accusatori
390 2605 551 2663 conducere
567 2609 688 2664 dicatur.
733 2609 821 2679 Quod
844 2627 878 2664 ut
899 2608 998 2663 existat
1017 2610 1119 2672 nobie,
1142 2608 1219 2665 ulte·

221 2693 301 2747 riore
316 2691 477 2748 mutatione
493 2710 566 2766 opus
582 2693 635 2755 est,
657 2692 739 2749 velut
761 2692 826 2747 tali:
853 2695 930 2748 Nam
953 2692 1028 2769 quod
1050 2695 1153 2755 laedit,
1174 2695 1219 2749 ita

221 2795 279 2831 nou
292 2796 319 2829 n.
334 2797 363 2850 p.
372 2772 398 2847 f.
416 2777 434 2829 i.
451 2798 480 2848 p.
512 2776 556 2829 ltu
576 2780 590 2840 (
596 2796 651 2851 pro
666 2778 715 2844 id)
730 2776 902 2851 significabit
921 2817 938 2840 „
948 2797 999 2837 eo,
1023 2798 1082 2853 quo
1097 2778 1220 2843 ostendi,

221 2858 340 2925 „modo
355 2856 504 2932 partiendo
520 2862 767 2934 aiultiplicatum.“
809 2864 973 2918 Premendo
988 2863 1113 2937 primam
1134 2861 1219 2920 illam

221 2945 320 3011 Turio.
345 2943 515 3018 scripturam
536 2943 593 3000 hoc
619 2948 765 3001 eruimuez
789 2948 918 3022 Namque
940 2946 1008 3017 (vcl
1027 2950 1100 3003 Nam
1116 2946 1219 3026 quafi)

221 3026 317 3106 caefim
343 3031 384 3082 itu
407 3028 524 3082 dicendo
547 3050 574 3082 n.
596 3049 623 3083 u.
650 3051 679 3102 p.
698 3030 726 3104 f.
750 3034 767 3085 i.
791 3052 836 3105 p„
865 3032 1036 3105 Quanquam
1060 3032 1219 3109 displicere

221 3114 312 3188 potest
334 3111 461 3168 desectus
484 3111 621 3184 subjecti,
644 3116 695 3169 nisi
715 3114 791 3169 forto
814 3114 891 3169 dicae
912 3114 1040 3191 intelligi
1061 3119 1093 3172 in
1110 3137 1219 3191 genere

221 3194 417 3271 quodcunque
435 3196 602 3268 objicimur.
648 3197 820 3254 insolentius
844 3198 1020 3255 vccabulum
1044 3198 1139 3256 fraudi
1161 3202 1219 3261 eff·

220 3294 343 3356 poterat.
387 3280 526 3352 Legimus
551 3298 648 3336 aretem
672 3301 707 3355 9,
727 3291 761 3350 4,
784 3283 850 3338 126.
880 3305 935 3347 n,
954 3297 990 3351 3,
1010 3298 1076 3340 roa.
1099 3286 1218 3344 dicando

210 3370 274 3439 *per
289 3363 495 3436 compendium
511 3380 540 3420 et
554 3365 688 3440 sequente
704 3367 839 3442 protinus
862 3389 917 3423 uon
938 3367 1021 3422 facile
1043 3368 1220 3426 obliterabit-

221 3464 278 3503 tur.
323 3445 378 3514 (cl.
397 3445 433 3508 6,
457 3459 492 3513 3,
515 3450 588 3517 71.)
735 3455 885 3525 occupavit.
929 3452 976 3505 ste
994 3454 1093 3508 Turib.
1114 3454 1218 3530 Camp.

221 3549 289 3585 cum
306 3527 395 3585 Goth.
422 3546 449 3584 2.
471 3529 546 3586 Vall.
569 3550 599 3587 et
621 3532 684 3589 edd.
708 3550 773 3589 ante
795 3534 860 3591 Alc
884 3535 993 3603 (Goth.
1024 3558 1048 3590 1.
1066 3553 1094 3592 et
1116 3538 1217 3596 Guelf.
1274 3554 1278 3559 '

117 3626 124 3643 ¹
221 3615 337 3670 consule
353 3612 470 3674 notavi,
493 3612 539 3666 ted
561 3615 687 3693 suspicor
709 3635 736 3673 et
757 3619 833 3694 ipsoe
850 3618 979 3674 nollrunr
995 3620 1091 3688 ‹lar-e).
1134 3620 1218 3676 Reli·

143 3688 155 3721 '¹
221 3699 430 3772 quioccuparit
455 3717 491 3752 ex
506 3699 591 3772 Regii
610 3703 783 3773 conjectura.
916 3701 1000 3779 ipsae.
1045 3705 1092 3758 Sic
1112 3706 1217 3765 Tttric.

220 3780 316 3836 Guelf.
339 3780 428 3837 Goth.
452 3786 519 3851 (tac.
539 3783 635 3853 Gelu.)
658 3806 723 3840 curn
738 3786 826 3843 Goth.
844 3803 871 3841 2.
893 3786 975 3842 Basrl.
992 3788 1112 3861 Reliqui
1132 3787 1195 3867 ipfi.

283 3878 349 3920 urat.
373 3879 402 3918 ut
423 3885 504 3939 prop.
549 3867 648 3924 Turic.
672 3870 768 3926 Guelf.
800 3872 899 3945 Camp.
929 3872 1069 3927 omittunt
1093 3886 1123 3926 ut
1146 3893 1219 3930 cum

217 3947 306 4007 Goth.
321 3966 350 4005 et
364 3949 428 4006 edd.
445 3968 509 4005 ante
524 3947 591 4009 Ald.
699 3955 771 4031 eſjet.
798 3953 898 4009 Turic.
915 3958 949 4024 (a
965 3976 1009 4032 pr.
1025 3948 1134 4029 manu)
1153 3955 1219 4036 effe.

277 4089 306 4141 ia
323 4088 493 4162 argentearia
512 4086 581 4140 dixi.
600 4095 634 4152 ,5,
659 4107 715 4150 ro,
742 4089 779 4143 66
799 4089 873 4163 seqq.
